1563 2446
116 100 163 138 72
408 100 411 102 ·
545 90 590 139 Q.
628 90 815 129 CURTJ
845 90 1000 128 RUFI

114 175 500 215 milites—incertum
531 176 582 214 ob
612 189 728 225 quam
759 174 1179 226 causam—lymphatis
1212 173 1357 213 similes
1390 174 1441 212 ad

88 255 227 287 9¹arrna
255 241 485 280 discurrunt.
555 254 721 290 quorum
751 241 905 279 fremitu
935 240 1132 287 exaudito,
1164 239 1231 289 qui
1262 248 1442 288 torquere

115 305 295 344 Bitonem
325 305 417 343 iussi
446 313 565 351 erant,
597 305 774 351 omisere,
802 304 923 352 veriti,
955 318 1003 342 ne
1033 304 1073 342 id
1102 305 1228 342 facere
1258 303 1441 341 tumultu-

64 393 94 409 10
113 371 262 409 antium
285 370 560 409 vociferatione
581 370 888 420 prohiberentur.
946 369 1022 414 ille,
1040 369 1139 407 sicut
1161 369 1329 406 nudatus
1349 374 1439 404 erat.

114 434 288 484 pervenit
308 435 356 472 ad
379 436 562 481 Graecos,
585 442 623 472 et
643 433 871 472 miserabilis
899 433 1015 472 facies
1042 432 1233 482 supplicio
1261 430 1441 470 destinati

116 498 155 536 in
185 498 379 536 diversum
403 498 555 536 animos
585 505 744 546 repente
769 497 945 544 mutavit,
969 496 1191 546 dimittique
1216 509 1304 534 eum
1328 495 1443 533 iusse-

66 583 91 598 11
113 570 212 600 runt.
244 563 318 599 hoc
340 562 460 599 modo
481 574 611 610 poena
630 560 688 598 bis
702 560 886 599 liberatus
907 574 997 598 cum
1019 560 1168 607 ceteris,
1183 559 1249 609 qui
1270 558 1444 598 colonias

116 638 138 662 a
158 638 245 674 rege
266 625 467 662 attributas
487 625 736 673 reliquerunt,
758 624 911 662 revertit
935 624 974 662 in
994 624 1168 674 patriam.
1226 624 1323 662 haec
1343 622 1444 660 circa

119 691 258 727 Bactra
277 697 316 727 et
335 690 563 738 Scytharum
584 688 770 727 terminos
790 696 908 737 gesta.

65 775 94 791 η»
195 753 355 792 Interim
384 766 512 802 regem
541 753 705 790 duarum
735 752 924 801 gentium,
948 753 996 791 de
1018 753 1159 802 quibus
1180 759 1269 790 ante
1291 750 1440 789 dictum

117 825 185 862 est,
208 830 230 855 C
251 816 366 866 legati
386 817 543 854 adeunt.
609 828 746 854 omnes
773 829 887 853 curru
907 816 1160 862 vehebantur,
1182 815 1324 854 eximia
1342 827 1446 864 mag-

118 882 294 920 nitudine
333 894 552 930 corporum,
593 881 738 918 decoro
776 879 929 919 habitu:
970 880 1095 918 lineae
1132 888 1260 918 vestes
1297 879 1446 917 intexto

66 968 96 991 13
115 960 209 985 auro
229 959 478 996 purpuraque
498 945 715 994 distinctae.
766 944 802 983 ei
822 958 863 983 se
885 946 1028 983 dedere
1049 944 1166 995 ipsos,
1184 945 1299 983 urbes
1319 956 1447 993 agros-

119 1023 194 1059 que
222 1010 451 1056 referebant,
482 1023 550 1058 per
578 1016 636 1047 tot
664 1016 810 1046 aetates
839 1007 1067 1046 inviolatam
1096 1008 1316 1046 libertatem
1345 1006 1446 1044 illius

119 1075 287 1124 primum
316 1074 408 1112 fidei
438 1073 664 1123 dicionique
694 1074 966 1124 permissuros:
1007 1075 1103 1113 deos
1132 1074 1205 1112 sibi
1236 1071 1448 1112 deditionis

119 1148 308 1185 auctores,
323 1153 402 1177 non
417 1147 583 1178 metum:
613 1138 759 1188 quippe
773 1138 927 1177 intactis
943 1138 1087 1177 viribus
1102 1138 1234 1189 iugum
1251 1138 1441 1188 excipere.

69 1228 98 1250 η
118 1219 184 1244 rex
203 1205 368 1244 consilio
388 1205 521 1243 habito
543 1205 698 1243 deditos
718 1204 757 1242 in
778 1205 897 1243 fidem
923 1204 1087 1254 accepit,
1109 1204 1316 1254 stipendio,
1339 1205 1448 1254 quod

120 1270 342 1308 Arachosiis
372 1278 534 1319 utraque
563 1269 670 1308 natio
698 1269 929 1319 pensitabat,
951 1269 1130 1319 inposito.
1189 1277 1388 1318 praeterea
1416 1281 1446 1308 11

120 1334 227 1372 milia
247 1342 284 1372 et
304 1346 331 1370 D
352 1333 501 1383 equites
522 1333 703 1383 imperat:
733 1341 771 1372 et
792 1333 925 1371 onmia
951 1332 1208 1371 oboedienter
1233 1346 1257 1370 a
1277 1332 1448 1371 barbaris

69 1420 98 1442 15
118 1400 227 1437 sacta.
285 1398 454 1437 invitatis
475 1398 619 1437 deinde
639 1399 690 1436 ad
711 1399 845 1448 epulas
872 1398 1006 1448 legatis
1026 1397 1200 1448 gentium
1228 1398 1447 1447 regulisque

120 1463 295 1502 exornari
321 1463 544 1501 convivium
570 1463 688 1501 iussit.
747 1476 770 1502 C
800 1463 906 1501 aurei
934 1463 1024 1501 lecti
1050 1462 1218 1501 modicis
1239 1462 1448 1501 intervallis

121 1528 236 1577 positi
265 1536 385 1575 erant,
416 1528 526 1566 lectis
555 1528 867 1566 circumdederat
897 1529 1034 1565 aulaea
1070 1540 1241 1577 purpura
1273 1540 1447 1576 auroque

122 1592 327 1642 fulgentia3
357 1591 553 1641 quidquid
580 1601 646 1630 aut
675 1593 782 1641 apud
812 1593 948 1630 Persas
977 1599 1107 1629 vetere
1135 1592 1227 1628 luxu
1253 1599 1319 1629 aut
1342 1592 1447 1640 apud

124 1658 367 1696 Macedonas
387 1670 490 1694 nova
509 1656 769 1695 inmutatione
796 1664 1022 1705 corruptum
1049 1663 1141 1699 erat,
1163 1655 1334 1693 confusis
1359 1655 1449 1693 utri-

70 1736 100 1760 16
119 1735 242 1772 usque
260 1722 386 1771 gentis
402 1721 514 1768 vitiis,
535 1721 575 1759 in
590 1721 656 1759 illo
670 1721 849 1760 convivio
865 1722 1089 1759 ostendens.
1121 1720 1302 1759 intererat
1318 1721 1444 1770 epulis

124 1787 342 1836 Dioxippus
362 1786 625 1833 Atheniensis,
648 1786 754 1836 pugil
775 1786 915 1824 nobilis
937 1794 974 1824 et
995 1786 1045 1824 ob
1065 1785 1247 1824 eximiam
1266 1785 1447 1824 virtutem

122 1854 260 1892 virium
285 1853 362 1890 iam
386 1852 467 1902 regi
493 1860 680 1901 pernotus
701 1860 739 1890 et
767 1859 905 1901 gratus.
966 1850 1087 1888 invidi
1121 1849 1358 1899 malignique
1392 1849 1449 1887 in-

123 1918 332 1967 crepabant
352 1929 420 1966 per
439 1915 538 1954 seria
556 1923 595 1954 et
615 1916 752 1953 ludum
773 1913 935 1964 saginati
955 1913 1127 1963 corporis
1143 1912 1252 1962 sequi
1273 1913 1448 1951 inutilem

121 1983 294 2020 beluam:
337 1994 427 2018 cum
459 1980 532 2030 ipsi
560 1979 752 2029 proelium
783 1979 934 2024 inirent,
964 1979 1052 2016 oleo
1081 1978 1307 2015 madentem
1340 1990 1448 2026 prae-

71 2067 99 2089 ιγ
121 2059 252 2094 parare
285 2054 457 2083 ventrem
493 2044 626 2093 epulis.
685 2044 824 2082 eadem
854 2042 968 2092 igitur
996 2042 1035 2079 in
1056 2041 1236 2079 convivio
1258 2042 1448 2079 Horratas

124 2108 294 2146 Macedo
308 2107 385 2145 iam
406 2109 642 2145 temulentus
657 2107 888 2156 exprobrare
908 2106 942 2144 ei
957 2106 1086 2155 coepit
1107 2114 1144 2143 et
1160 2105 1368 2154 postulare,
1391 2111 1446 2150 ut,

122 2171 153 2209 si
172 2171 229 2209 vir
247 2179 359 2217 esset,
380 2179 536 2219 postero
557 2171 620 2208 die
647 2183 779 2208 secum
806 2171 905 2208 ferro
926 2170 1171 2207 decerneret:
1208 2180 1340 2217 regem
1365 2174 1448 2205 tan-

122 2236 214 2274 dem
239 2236 300 2273 vel
326 2235 374 2273 de
401 2247 469 2272 sua
489 2234 704 2272 temeritate
726 2235 786 2272 vel
807 2234 857 2272 de
878 2233 978 2271 illius
1000 2233 1152 2282 ignavia
1172 2232 1446 2272 iudicaturum.
