1563 2446
203 91 634 130 HISTORJARUM
669 91 1039 128 ALEXANDRJ
1079 92 1195 137 VIII,
1240 105 1297 129 11.
1367 106 1412 140 41

92 185 184 219 erat.
205 177 311 215 unde
331 177 414 215 sine
434 177 604 226 pernicie
625 176 698 215 nisi
718 177 886 216 victores
913 177 1040 215 redire
1066 190 1147 215 non
1170 186 1342 227 possent,
1363 178 1417 217 in-

91 242 222 291 gentia
250 255 342 279 saxa
367 241 406 279 in
431 241 642 280 subeuntes
668 242 988 292 provolventibus
1015 241 1200 288 barbaris,
1222 242 1308 291 quis
1335 256 1414 292 per-

91 306 188 345 culsi
234 306 405 345 instabili
452 314 490 344 et
537 307 685 344 lubrico
731 307 853 355 gradu
900 306 1130 356 praecipites
1177 307 1413 346 recidebant.

92 379 292 410 evaserant
339 379 470 409 tamen
517 371 740 409 Alexander
786 378 824 409 et
864 372 1025 417 Charus,
1066 384 1165 420 quos
1203 384 1292 408 cum
1330 383 1469 416 xxx14

91 434 252 474 delectis
281 435 532 485 praemiserat
558 448 635 481 rex,
667 443 705 473 et
729 434 804 472 iam
832 447 1005 484 pugnare
1035 434 1255 472 comminus
1280 448 1416 484 coepe-

90 507 198 538 rant:
229 500 296 538 sed
324 512 414 537 cum
439 512 605 548 superne
633 500 710 536 tela
735 498 887 536 barbari
917 498 1146 547 ingererent,
1169 497 1323 547 saepius
1343 498 1414 547 ipsi

90 562 334 609 feriebantur,
357 575 475 611 quam
495 562 761 600 vulnerabant.
820 574 912 610 ergo
936 562 1158 599 Alexander
1184 570 1222 600 et
1246 561 1417 599 nominis
1442 582 1468 604 15

91 626 149 664 sui
175 634 214 665 et
242 626 421 676 promissi
451 640 610 673 memor,
637 628 731 665 dum
760 627 885 664 acrius
914 639 1032 675 quarn
1061 626 1214 664 cautius
1243 626 1414 671 dimicat,

90 691 291 728 confossus
331 690 503 739 undique
542 690 728 728 obruitur.
797 703 915 739 quem
953 697 996 727 ut
1034 690 1184 729 Charus
1222 689 1414 728 iacentem
1438 704 1468 728 16

90 755 304 805 conspexit,
334 769 443 794 ruere
473 755 511 793 in
551 757 706 794 hostem
745 757 921 794 omnium
955 764 1110 806 praeter
1140 756 1331 794 ultionem
1361 756 1415 794 in-

89 831 240 857 memor
265 819 395 868 coepit
423 821 648 868 multosque
674 821 795 865 hasta,
822 820 1014 869 quosdam
1043 819 1175 869 gladio
1195 819 1414 858 interemit:

91 885 159 923 sed
189 898 279 922 cum
310 892 368 922 tot
394 898 516 922 unum
546 886 783 923 incesserent
811 899 959 931 manus,
989 898 1104 934 super
1131 885 1247 923 amici
1276 899 1415 935 corpus

89 949 296 998 procubuit
316 949 514 987 exanimis.
573 951 679 987 haud
700 963 822 996 secus,
839 963 957 998 quam
978 963 1048 999 par
1067 958 1159 997 erat,
1180 950 1418 1000 promptissi-
1440 972 1468 996 17

90 1027 243 1052 morum
271 1014 457 1053 iuvenum
486 1023 780 1064 ceterorumque
810 1015 979 1053 militum
1008 1015 1165 1053 interitu
1194 1023 1415 1054 commotus

91 1092 158 1117 rex
185 1079 337 1128 signum
364 1079 537 1128 receptui
565 1079 686 1118 dedit.
744 1079 859 1117 saluti
885 1079 966 1126 fuit,
990 1080 1098 1128 quod
1125 1079 1270 1117 sensim
1297 1087 1335 1117 et
1363 1079 1416 1117 in-
1440 1093 1467 1117 13

89 1144 230 1194 trepidi
257 1157 298 1182 se
327 1152 571 1193 receperunt,
593 1152 631 1182 et
660 1144 813 1182 barbari
834 1146 989 1183 hostem
1017 1144 1213 1194 depulisse
1239 1144 1414 1183 contenti

89 1223 168 1247 non
189 1209 360 1247 institere
381 1209 623 1247 cedentibus.
674 1217 846 1247 ceterum
867 1210 1091 1247 Alexander
1110 1223 1199 1246 cum
1221 1209 1414 1247 statuisset
1441 1231 1467 1254 ις

89 1273 274 1312 desistere
321 1272 682 1322 incepto—quippe
728 1274 835 1310 nulla
881 1286 969 1323 spes
1019 1273 1235 1323 potiundae
1282 1281 1414 1323 petrae

88 1339 504 1378 offerebatur—tamen
531 1338 703 1387 speciem
728 1339 901 1377 ostendit
929 1339 970 1376 in
999 1338 1206 1377 obsidione
1234 1351 1414 1388 perseve-

87 1403 215 1441 rantis.
274 1415 366 1440 nam
393 1410 430 1440 et
456 1401 593 1440 itinera
621 1402 791 1441 obsideri
816 1402 926 1441 iussit
955 1410 993 1441 et
1013 1411 1135 1441 turres
1156 1403 1355 1441 admoveri
1375 1411 1414 1441 et

88 1467 252 1517 fatigatis
272 1467 368 1505 alios
389 1468 608 1506 succedere.
668 1467 778 1505 cuius
805 1467 1020 1517 pertinacia
1045 1467 1204 1517 cognita
1231 1467 1322 1505 Indi
1347 1481 1417 1517 per
1436 1490 1467 1505 ω

88 1533 250 1571 biduum
289 1532 447 1581 quidem
485 1545 532 1569 ac
570 1533 668 1570 duas
707 1540 844 1571 noctes
882 1546 973 1570 cum
1021 1533 1285 1571 ostentatione
1331 1546 1411 1570 non

87 1597 252 1636 fiduciae
271 1598 404 1643 modo,
423 1597 491 1635 sed
512 1597 629 1635 etiam
642 1597 838 1644 victoriae,
857 1598 1004 1647 epulati
1021 1606 1121 1645 sunt,
1139 1606 1327 1648 tympana
1342 1611 1412 1635 suo

87 1676 195 1701 more
233 1663 443 1711 pulsantes.
511 1662 624 1700 tertia
660 1676 752 1700 vero
790 1670 908 1701 nocte
942 1671 1217 1712 tympanorum
1253 1662 1413 1712 quidem
1435 1684 1463 1699 ῃ

88 1717 454 1777 strepitusdesierat
474 1727 609 1773 audiri,
632 1735 803 1765 ceterum
826 1741 873 1765 ex
900 1735 983 1766 tota
1003 1736 1110 1776 petra
1131 1729 1234 1765 faces
1254 1728 1413 1776 refulge-

86 1794 192 1840 bant,
223 1806 320 1842 quas
348 1794 608 1831 accenderant
646 1793 809 1839 barbari,
840 1800 884 1831 ut
912 1793 1030 1831 tutior
1059 1801 1160 1831 esset
1188 1793 1281 1842 ipsis
1309 1794 1409 1841 fuga,

87 1857 253 1894 obscura
281 1864 398 1894 nocte
427 1869 495 1905 per
523 1855 626 1893 invia
664 1868 756 1893 saxa
788 1857 964 1894 cursuris.
1036 1870 1103 1895 rex
1141 1858 1315 1902 Balacro,
1348 1856 1412 1905 qui
1435 1877 1464 1893 22

87 1921 358 1969 specularetur,
380 1920 594 1969 praemisso
614 1920 816 1969 cognoscit
835 1928 986 1969 petram
1006 1922 1095 1969 fuga
1115 1921 1307 1958 Indorum
1327 1932 1411 1957 esse

87 1985 292 2023 desertam.
349 1992 434 2022 tum
464 1986 557 2023 dato
593 1985 714 2035 signo,
746 1993 789 2023 ut
814 1985 985 2024 universi
1019 1987 1324 2030 conclamarent,
1354 1984 1410 2021 in-

86 2048 288 2096 conposite
316 2048 552 2097 fugientibus
580 2057 729 2087 metum
758 2049 940 2087 incussit:
979 2049 1181 2098 multique,
1213 2056 1411 2098 tamquam
1433 2071 1462 2093 23

85 2112 240 2150 adesset
259 2112 392 2159 hostis,
414 2126 483 2162 per
502 2113 650 2151 lubrica
670 2127 760 2151 saxa
788 2126 934 2162 perque
954 2113 1077 2150 invias
1097 2121 1205 2151 cotes
1225 2111 1410 2161 praecipi-

85 2175 155 2213 tati
174 2174 412 2222 occiderunt,
432 2177 560 2225 plures
586 2177 717 2226 aliqua
746 2177 1012 2214 membrorum
1037 2185 1146 2225 parte
1175 2175 1334 2213 mulcati
1359 2176 1409 2213 ab

86 2238 242 2290 integris
275 2240 416 2279 deserti
447 2248 547 2279 sunt.
606 2254 671 2279 rex
708 2242 885 2279 locorum
923 2240 1046 2291 magis
1080 2253 1200 2290 quarn
1238 2239 1408 2278 hostium
1430 2261 1461 2285 24
