1563 2446
126 117 138 141 ι
150 106 200 151 34
583 106 904 145 APPENDJX
935 105 985 145 A.

461 191 549 223 haud
575 198 701 234 partem
725 192 877 234 exiguam
901 192 1032 224 montis.

123 257 167 288 ita
194 257 240 297 (a)
263 258 489 300 magnitudine
518 259 667 296 discedit,
684 264 719 290 ut
742 269 809 290 non
833 259 1044 300 inprudenter
1068 259 1212 292 discedat
1236 270 1254 292 a
1278 258 1353 292 fide·
1398 262 1444 292 est

122 310 290 343 inflatum:

509 367 561 396 καὶ
585 367 688 405 καίρια
711 367 870 405 βάλλεται
893 365 1017 403 νῆσσος.

123 428 287 470 Vergilius
310 429 390 471 quid
413 429 478 460 ait?
501 429 556 471 qui
580 430 621 460 de
644 429 797 460 nauibus:

680 494 792 525 credas
816 493 930 526 innare
954 494 1096 526 reuolsas

509 547 682 589 Cycladas.

123 623 189 645 non
212 614 290 646 dicit
312 613 376 645 hoc
403 613 481 652 sieri,
514 614 570 644 sed
601 612 717 644 uideri.
763 613 914 655 propitiis
944 612 1076 644 auribus
1103 611 1271 653 accipitur,
1297 612 1447 655 quamuis

125 669 314 702 incredibile
330 676 388 705 est,
407 670 494 711 quod
511 675 683 701 excusatur
704 674 879 709 antequam
902 669 1031 700 dicitur.
1084 679 1120 709 ¹3
1167 669 1270 700 multo
1292 670 1446 711 corrupti·

124 734 213 754 orem
231 724 425 755 sententiam
444 724 689 755 MENESTRATI
708 733 736 754 ci
749 722 877 754 i.1sdam
894 723 1126 755 declamatoris
1149 734 1215 754 non
1241 723 1360 755 abiecti
1384 722 1448 754 suis

124 779 325 818 temporibus
342 783 456 809 nactus
473 789 545 809 sum
561 777 595 808 in
611 777 673 809 hac
694 778 765 818 ipsa
788 778 942 815 suasoria,
963 788 1038 809 cum
1060 778 1256 809 describeret
1280 777 1448 809 beluarum

124 831 156 862 in
174 831 309 862 Oceano
325 831 529 862 nascentium
546 830 847 871 magnitudinem...
875 830 973 862 efficit
992 831 1073 862 haec
1095 831 1264 869 sententia,
1285 836 1320 862 ut
1344 831 1449 872 ignos-

124 895 234 916 camus
250 887 279 916 ei
295 885 349 926 qui
366 886 447 916 dixit
465 885 542 927 ipsis
561 885 728 926 Charybdi
745 891 777 917 et
795 886 906 926 Scylla
925 886 1029 917 maius
1051 892 1256 927 portentum:
1287 884 1448 925 ‘Charyb-

124 938 174 968 dis
190 937 291 978 ipsius
307 939 404 969 maris
420 934 625 978 naufragium
635 936 652 976 '‚
673 943 705 969 et
722 949 763 969 ne
780 938 812 969 in
830 949 895 969 una
912 949 946 969 re
962 938 1064 970 semel
1087 938 1260 970 insaniret:
1288 937 1381 979 ‘quid
1403 937 1448 968 ibi

125 997 231 1031 potest
247 1001 316 1022 esse
331 991 413 1022 salui
429 991 485 1022 ubi
503 991 609 1032 ipsum
626 1002 714 1023 mare
732 990 849 1033 perit?’
882 993 1014 1024 DAMAS
1031 992 1156 1023 ethicos
1172 992 1299 1023 induxit
1313 996 1449 1023 matrem

124 1045 322 1086 loquentem,
353 1055 427 1075 cum
451 1045 648 1076 describeret
679 1046 816 1077 adsidue
847 1045 1010 1088 prioribus
1041 1046 1194 1088 periculis
1224 1057 1312 1078 noua
1340 1056 1450 1088 super-

124 1097 269 1129 uenisse:
275 1122 350 1128 ......
359 1097 554 1129 BARBARVS
574 1099 668 1134 dixit,
686 1109 759 1130 curn
784 1099 1016 1130 introduxisset
1036 1105 1246 1131 excusantem
1270 1109 1304 1130 se
1330 1098 1450 1131 exerci-

125 1156 194 1181 tum
211 1150 443 1188 Macedonum,
461 1151 547 1182 hunc
564 1162 712 1183 sensum:
806 1162 843 1192 14
889 1153 1025 1184 FVSCVS
1052 1153 1239 1183 ARELles
1264 1152 1364 1183 dixit:
1389 1157 1450 1183 tes-

126 1210 176 1235 tor
191 1208 266 1235 ante
283 1204 397 1235 orbem
422 1205 481 1236 tibi
506 1210 597 1236 tuum
621 1206 733 1237 deesse
756 1216 854 1247 quam
879 1206 1028 1237 militem.
1076 1206 1204 1236 LATRO
1227 1206 1344 1237 sedens
1366 1205 1450 1237 hanc

125 1257 226 1295 dixit3
249 1267 315 1288 non
343 1258 509 1288 excusauit
537 1257 687 1295 militem,
712 1258 768 1289 sed
794 1256 894 1289 dixit:
923 1256 1001 1289 dum
1028 1268 1156 1299 sequor,
1176 1258 1248 1299 quis
1273 1257 1354 1288 mihi
1377 1267 1451 1299 pro-

126 1310 226 1341 mittit
248 1310 388 1348 hostem,
411 1310 483 1351 quis
507 1315 638 1347 terram,
656 1309 728 1351 quis
752 1311 850 1349 diem,
871 1310 943 1352 quis
966 1311 1075 1341 mare?
1118 1310 1161 1341 da
1186 1310 1242 1341 ubi
1265 1316 1371 1341 castra
1393 1320 1450 1352 po-

126 1374 213 1400 nam,
240 1364 295 1394 ubi
321 1365 413 1405 signa
440 1375 573 1405 ponam.
619 1364 736 1406 reliqui
761 1370 924 1406 parentes,
942 1364 1058 1405 reliqui
1082 1364 1212 1402 liberos,
1233 1369 1450 1395 commeatum

126 1425 219 1460 peto:
245 1419 404 1460 numquid
427 1418 589 1450 inmature
605 1419 646 1449 ab
664 1419 820 1450 Oceano?
867 1428 903 1459 15
951 1418 1060 1449 Latini
1082 1418 1319 1448 declamatores
1342 1418 1375 1448 in
1395 1418 1451 1449 de-

127 1473 302 1514 scriptione
319 1473 444 1504 Oceani
461 1483 527 1504 non
544 1472 643 1504 nimis
666 1473 859 1513 uiguerunt3
886 1482 963 1503 narn
989 1478 1044 1503 aut
1070 1472 1177 1503 minus
1197 1471 1447 1512 desciipserunt,

127 1534 181 1559 aut
207 1526 328 1568 (nimis)
353 1527 490 1558 curiose.
536 1537 634 1558 nemo
658 1527 788 1557 illorum
812 1526 919 1568 potuit
943 1530 1035 1557 tanto
1059 1525 1174 1567 spiritu
1198 1525 1305 1556 dicere
1329 1532 1452 1567 quanto

128 1582 228 1618 Pedo,
248 1582 303 1622 qui
320 1581 494 1622 nauigante
512 1581 710 1613 Germanico
726 1581 820 1612 dicit:

212 1645 277 1675 iam
300 1645 428 1685 pridem
451 1655 511 1686 pos
534 1650 627 1686 terga
648 1644 736 1676 diem
759 1644 927 1686 solemque
950 1643 1147 1685 relinquunt,

212 1699 277 1730 iani
302 1699 428 1740 pridem
450 1699 537 1730 notis
559 1705 703 1730 extorres
728 1698 846 1730 finibus
870 1699 957 1730 orbis

212 1763 270 1793 per
291 1763 358 1783 non
380 1762 549 1784 concessas
572 1752 710 1784 audaces
733 1753 778 1783 ire
800 1753 951 1785 tenebras

213 1805 255 1836 ad
279 1815 385 1836 rerum
409 1811 512 1836 metas
534 1810 743 1846 extremaque
766 1805 862 1837 litora.
884 1805 1015 1843 mundi;

214 1871 301 1892 nunc
325 1860 418 1891 illum
440 1860 541 1902 pigris
564 1860 720 1891 immania
742 1866 887 1892 monstra
909 1860 969 1892 sub
993 1860 1088 1891 undis

213 1914 269 1956 qui
292 1913 374 1945 ferat
398 1914 577 1952 Oceanum,
605 1914 660 1956 qui
684 1924 797 1945 saeuas
820 1914 964 1955 undique
988 1915 1097 1955 pistris

214 1977 456 2008 aequoreosque
480 1977 586 2005 caneS,
614 1968 737 1998 ratibus
760 1977 954 2008 consurgere
978 1968 1115 2008 prensis.

215 2022 398 2051 accumulat
421 2019 529 2061 fragor
552 2021 622 2061 ipse
644 2026 758 2052 metus.
808 2021 873 2051 iam
896 2021 1002 2052 sidere
1025 2021 1104 2052 limo

214 2074 346 2114 nauigia
368 2078 400 2104 et
423 2074 538 2115 rapido
562 2074 723 2105 desertam
746 2073 877 2105 flamine
900 2074 1037 2105 classem

215 2138 314 2168 seque
337 2127 412 2158 feris
435 2128 569 2159 credunt
593 2138 651 2169 per
673 2127 789 2158 inertia
812 2127 879 2158 sata
894 2127 1028 2157 marinis

215 2187 282 2212 tam
306 2192 371 2212 non
395 2181 481 2213 selici
504 2181 675 2212 laniandos
698 2186 786 2213 sorte
808 2181 958 2222 relinqui.

215 2240 312 2275 atque
335 2234 452 2276 aliquis
475 2245 572 2276 prora
595 2244 728 2265 caecum
751 2233 899 2265 sublimis
922 2234 964 2264 ab
986 2233 1053 2264 alta

215 2291 288 2320 aera
312 2289 452 2330 pugnaci
476 2289 615 2320 luctatus
639 2299 789 2330 rumpere
811 2288 894 2326 uisu,
