<?xml version="1.0" encoding="UTF-8"?>
<!DOCTYPE html PUBLIC "-//W3C//DTD XHTML 1.0 Transitional//EN"
    "http://www.w3.org/TR/xhtml1/DTD/xhtml1-transitional.dtd">
<html xmlns="http://www.w3.org/1999/xhtml" xml:lang="en" lang="en">
 <head>
  <title>
</title>
<meta http-equiv="Content-Type" content="text/html;charset=utf-8" />
  <meta name='ocr-system' content='tesseract 3.04.00' />
  <meta name='ocr-capabilities' content='ocr_page ocr_carea ocr_par ocr_line ocrx_word'/>
</head>
<body>
  <div class='ocr_page' id='page_1' title='image "./alexanderinindia00curtuoft_0071.png"; bbox 0 0 1563 2446; ppageno 0'>
   <div class='ocr_carea' id='block_1_1' title="bbox 236 93 1416 143">
    <p class='ocr_par' dir='ltr' id='par_1_1' title="bbox 236 93 1416 143">
     <span class='ocr_line' id='line_1_1' title="bbox 236 93 1416 143; baseline 0.002 -12"><span class='ocrx_word' id='word_1_1' title='bbox 236 93 568 132; x_wconf 79' lang='lat' dir='ltr'><em>HISTORJAR</em></span> <span class='ocrx_word' id='word_1_2' title='bbox 579 94 674 131; x_wconf 78' lang='grc' dir='ltr'><strong>ΠΜ</strong></span> <span class='ocrx_word' id='word_1_3' title='bbox 708 93 1080 131; x_wconf 74' lang='lat' dir='ltr'><em>ALEXAZVDRI</em></span> <span class='ocrx_word' id='word_1_4' title='bbox 1110 95 1185 140; x_wconf 83' lang='lat' dir='ltr'><strong>IX,</strong></span> <span class='ocrx_word' id='word_1_5' title='bbox 1219 106 1252 143; x_wconf 86' lang='lat'><strong>5.</strong></span> <span class='ocrx_word' id='word_1_6' title='bbox 1369 97 1416 143; x_wconf 89' lang='lat'><strong>67</strong></span> 
     </span>
    </p>
   </div>
   <div class='ocr_carea' id='block_1_2' title="bbox 101 177 1421 358">
    <p class='ocr_par' dir='ltr' id='par_1_2' title="bbox 101 177 1421 358">
     <span class='ocr_line' id='line_1_2' title="bbox 101 177 1421 229; baseline 0 -11"><span class='ocrx_word' id='word_1_7' title='bbox 101 178 208 227; x_wconf 88' lang='lat' dir='ltr'><strong>alios,</strong></span> <span class='ocrx_word' id='word_1_8' title='bbox 231 179 337 229; x_wconf 88' lang='lat' dir='ltr'><strong>quod</strong></span> <span class='ocrx_word' id='word_1_9' title='bbox 365 179 450 217; x_wconf 88' lang='lat' dir='ltr'><strong>illos</strong></span> <span class='ocrx_word' id='word_1_10' title='bbox 474 178 657 217; x_wconf 83' lang='lat' dir='ltr'>incitavit.</span> <span class='ocrx_word' id='word_1_11' title='bbox 715 191 886 228; x_wconf 91' lang='lat' dir='ltr'><strong>namque</strong></span> <span class='ocrx_word' id='word_1_12' title='bbox 905 177 1066 228; x_wconf 89' lang='lat' dir='ltr'><strong>periculi</strong></span> <span class='ocrx_word' id='word_1_13' title='bbox 1087 178 1214 217; x_wconf 87' lang='lat' dir='ltr'><strong>omnis</strong></span> <span class='ocrx_word' id='word_1_14' title='bbox 1234 179 1421 218; x_wconf 87' lang='lat' dir='ltr'><strong>inmemo-</strong></span> 
     </span>
     <span class='ocr_line' id='line_1_3' title="bbox 102 243 1418 293; baseline -0.001 -11"><span class='ocrx_word' id='word_1_15' title='bbox 102 257 161 282; x_wconf 85' lang='lat' dir='ltr'><strong>res</strong></span> <span class='ocrx_word' id='word_1_16' title='bbox 189 244 358 283; x_wconf 80' lang='lat' dir='ltr'>dolabris</span> <span class='ocrx_word' id='word_1_17' title='bbox 385 245 600 293; x_wconf 82' lang='lat' dir='ltr'><strong>perfregere</strong></span> <span class='ocrx_word' id='word_1_18' title='bbox 627 257 781 281; x_wconf 87' lang='lat' dir='ltr'><strong>murum</strong></span> <span class='ocrx_word' id='word_1_19' title='bbox 805 251 854 289; x_wconf 86' lang='lat' dir='ltr'><strong>et,</strong></span> <span class='ocrx_word' id='word_1_20' title='bbox 877 256 954 292; x_wconf 87' lang='lat' dir='ltr'><strong>qua</strong></span> <span class='ocrx_word' id='word_1_21' title='bbox 977 243 1102 281; x_wconf 87' lang='lat' dir='ltr'><strong>moliti</strong></span> <span class='ocrx_word' id='word_1_22' title='bbox 1129 251 1237 281; x_wconf 89' lang='lat' dir='ltr'><strong>erant</strong></span> <span class='ocrx_word' id='word_1_23' title='bbox 1256 244 1418 290; x_wconf 85' lang='lat' dir='ltr'><strong>aditum,</strong></span> 
     </span>
     <span class='ocr_line' id='line_1_4' title="bbox 102 308 1419 358; baseline -0.002 -11"><span class='ocrx_word' id='word_1_24' title='bbox 102 308 278 358; x_wconf 87' lang='lat' dir='ltr'><strong>inrupere</strong></span> <span class='ocrx_word' id='word_1_25' title='bbox 297 309 336 346; x_wconf 93' lang='lat' dir='ltr'><strong>in</strong></span> <span class='ocrx_word' id='word_1_26' title='bbox 357 310 492 347; x_wconf 86' lang='lat' dir='ltr'><strong>urbem</strong></span> <span class='ocrx_word' id='word_1_27' title='bbox 514 309 716 357; x_wconf 83' lang='lat' dir='ltr'><strong>Indosque</strong></span> <span class='ocrx_word' id='word_1_28' title='bbox 735 309 863 358; x_wconf 86' lang='lat' dir='ltr'><strong>plures</strong></span> <span class='ocrx_word' id='word_1_29' title='bbox 884 308 1085 357; x_wconf 83' lang='lat' dir='ltr'><strong>fugientes,</strong></span> <span class='ocrx_word' id='word_1_30' title='bbox 1103 321 1220 357; x_wconf 87' lang='lat' dir='ltr'><strong>quam</strong></span> <span class='ocrx_word' id='word_1_31' title='bbox 1237 309 1419 358; x_wconf 83' lang='lat' dir='ltr'><strong>congredi</strong></span> 
     </span>
    </p>
   </div>
   <div class='ocr_carea' id='block_1_3' title="bbox 102 371 1475 418">
    <p class='ocr_par' dir='ltr' id='par_1_3' title="bbox 102 371 1475 418">
     <span class='ocr_line' id='line_1_5' title="bbox 102 371 1475 418; baseline 0.001 -8"><span class='ocrx_word' id='word_1_32' title='bbox 102 385 216 411; x_wconf 90' lang='lat' dir='ltr'><strong>ausos</strong></span> <span class='ocrx_word' id='word_1_33' title='bbox 236 372 472 411; x_wconf 82' lang='lat' dir='ltr'><strong>ceciderunt.</strong></span> <span class='ocrx_word' id='word_1_34' title='bbox 530 385 609 410; x_wconf 91' lang='lat' dir='ltr'><strong>non</strong></span> <span class='ocrx_word' id='word_1_35' title='bbox 630 371 799 418; x_wconf 86' lang='lat' dir='ltr'><strong>senibus,</strong></span> <span class='ocrx_word' id='word_1_36' title='bbox 823 384 902 409; x_wconf 89' lang='lat' dir='ltr'><strong>non</strong></span> <span class='ocrx_word' id='word_1_37' title='bbox 922 371 1087 417; x_wconf 84' lang='lat' dir='ltr'><strong>feminis,</strong></span> <span class='ocrx_word' id='word_1_38' title='bbox 1110 384 1189 409; x_wconf 92' lang='lat' dir='ltr'><strong>non</strong></span> <span class='ocrx_word' id='word_1_39' title='bbox 1213 372 1424 411; x_wconf 87' lang='lat' dir='ltr'><strong>infantibus</strong></span> <span class='ocrx_word' id='word_1_40' title='bbox 1445 394 1475 410; x_wconf 57' lang='lat'><strong>20</strong></span> 
     </span>
    </p>
   </div>
   <div class='ocr_carea' id='block_1_4' title="bbox 101 437 1422 549">
    <p class='ocr_par' dir='ltr' id='par_1_4' title="bbox 101 437 1422 549">
     <span class='ocr_line' id='line_1_6' title="bbox 101 437 1422 488; baseline 0 -12"><span class='ocrx_word' id='word_1_41' title='bbox 101 438 291 486; x_wconf 88' lang='lat' dir='ltr'><strong>parcitur:</strong></span> <span class='ocrx_word' id='word_1_42' title='bbox 321 437 496 487; x_wconf 84' lang='lat' dir='ltr'><strong>quisquis</strong></span> <span class='ocrx_word' id='word_1_43' title='bbox 517 444 746 482; x_wconf 86' lang='lat' dir='ltr'><strong>occurrerat,</strong></span> <span class='ocrx_word' id='word_1_44' title='bbox 767 437 816 475; x_wconf 90' lang='lat' dir='ltr'><strong>ab</strong></span> <span class='ocrx_word' id='word_1_45' title='bbox 837 437 903 474; x_wconf 91' lang='lat' dir='ltr'><strong>illo</strong></span> <span class='ocrx_word' id='word_1_46' title='bbox 922 437 1165 474; x_wconf 88' lang='lat' dir='ltr'><strong>vulneratum</strong></span> <span class='ocrx_word' id='word_1_47' title='bbox 1186 450 1317 488; x_wconf 85' lang='lat' dir='ltr'><strong>regem</strong></span> <span class='ocrx_word' id='word_1_48' title='bbox 1338 451 1422 476; x_wconf 87' lang='lat' dir='ltr'><strong>esse</strong></span> 
     </span>
     <span class='ocr_line' id='line_1_7' title="bbox 101 499 1422 549; baseline 0 -11"><span class='ocrx_word' id='word_1_49' title='bbox 101 501 323 538; x_wconf 79' lang='lat' dir='ltr'><strong>credebant.</strong></span> <span class='ocrx_word' id='word_1_50' title='bbox 393 501 634 549; x_wconf 73' lang='lat' dir='ltr'><strong>tandemque</strong></span> <span class='ocrx_word' id='word_1_51' title='bbox 671 499 937 538; x_wconf 86' lang='lat' dir='ltr'><strong>internecione</strong></span> <span class='ocrx_word' id='word_1_52' title='bbox 974 499 1147 537; x_wconf 88' lang='lat' dir='ltr'><strong>hostium</strong></span> <span class='ocrx_word' id='word_1_53' title='bbox 1185 499 1308 538; x_wconf 86' lang='lat' dir='ltr'><strong>iustae</strong></span> <span class='ocrx_word' id='word_1_54' title='bbox 1345 500 1422 538; x_wconf 78' lang='lat' dir='ltr'><strong>irae</strong></span> 
     </span>
    </p>
   </div>
   <div class='ocr_carea' id='block_1_5' title="bbox 103 563 1457 613">
    <p class='ocr_par' dir='ltr' id='par_1_5' title="bbox 103 563 1457 613">
     <span class='ocr_line' id='line_1_8' title="bbox 103 563 1457 613; baseline -0.001 -11"><span class='ocrx_word' id='word_1_55' title='bbox 103 573 348 613; x_wconf 86' lang='lat' dir='ltr'><strong>parentatum</strong></span> <span class='ocrx_word' id='word_1_56' title='bbox 383 573 451 603; x_wconf 84' lang='lat' dir='ltr'><strong>cst.</strong></span> <span class='ocrx_word' id='word_1_57' title='bbox 513 566 798 609; x_wconf 82' lang='lat' dir='ltr'><strong>Ptolomaeum,</strong></span> <span class='ocrx_word' id='word_1_58' title='bbox 831 563 897 613; x_wconf 89' lang='lat' dir='ltr'><strong>qui</strong></span> <span class='ocrx_word' id='word_1_59' title='bbox 935 571 1073 613; x_wconf 88' lang='lat' dir='ltr'><strong>postea</strong></span> <span class='ocrx_word' id='word_1_60' title='bbox 1109 564 1294 612; x_wconf 83' lang='lat' dir='ltr'><strong>regnavit,</strong></span> <span class='ocrx_word' id='word_1_61' title='bbox 1334 564 1423 601; x_wconf 81' lang='lat' dir='ltr'><strong>huic</strong></span> <span class='ocrx_word' id='word_1_62' title='bbox 1446 586 1457 600; x_wconf 69' lang='lat'><em>2</em></span> 
     </span>
    </p>
   </div>
   <div class='ocr_carea' id='block_1_6' title="bbox 101 627 1421 868">
    <p class='ocr_par' dir='ltr' id='par_1_6' title="bbox 101 627 1421 868">
     <span class='ocr_line' id='line_1_9' title="bbox 101 627 1421 677; baseline 0.001 -12"><span class='ocrx_word' id='word_1_63' title='bbox 101 641 253 677; x_wconf 82' lang='lat' dir='ltr'><strong>pugnae</strong></span> <span class='ocrx_word' id='word_1_64' title='bbox 288 628 456 666; x_wconf 79' lang='lat' dir='ltr'><strong>adfuisse</strong></span> <span class='ocrx_word' id='word_1_65' title='bbox 487 636 622 666; x_wconf 77' lang='lat' dir='ltr'><strong>auctor</strong></span> <span class='ocrx_word' id='word_1_66' title='bbox 654 636 712 666; x_wconf 88' lang='lat' dir='ltr'><strong>est</strong></span> <span class='ocrx_word' id='word_1_67' title='bbox 738 628 956 667; x_wconf 77' lang='lat' dir='ltr'><strong>Clitarchus</strong></span> <span class='ocrx_word' id='word_1_68' title='bbox 982 634 1020 665; x_wconf 90' lang='lat' dir='ltr'><strong>et</strong></span> <span class='ocrx_word' id='word_1_69' title='bbox 1049 627 1294 677; x_wconf 81' lang='lat' dir='ltr'><strong>Timagenes.</strong></span> <span class='ocrx_word' id='word_1_70' title='bbox 1354 629 1421 667; x_wconf 89' lang='lat' dir='ltr'><strong>sed</strong></span> 
     </span>
     <span class='ocr_line' id='line_1_10' title="bbox 102 691 1421 742; baseline -0.001 -12"><span class='ocrx_word' id='word_1_71' title='bbox 102 692 195 742; x_wconf 88' lang='lat' dir='ltr'><strong>ipse,</strong></span> <span class='ocrx_word' id='word_1_72' title='bbox 216 692 362 731; x_wconf 91' lang='lat' dir='ltr'><strong>scilicet</strong></span> <span class='ocrx_word' id='word_1_73' title='bbox 380 693 524 742; x_wconf 86' lang='lat' dir='ltr'><strong>gloriae</strong></span> <span class='ocrx_word' id='word_1_74' title='bbox 545 706 638 731; x_wconf 86' lang='lat' dir='ltr'><strong>suae</strong></span> <span class='ocrx_word' id='word_1_75' title='bbox 667 705 747 730; x_wconf 91' lang='lat' dir='ltr'><strong>non</strong></span> <span class='ocrx_word' id='word_1_76' title='bbox 776 693 995 741; x_wconf 83' lang='lat' dir='ltr'><strong>refragatus,</strong></span> <span class='ocrx_word' id='word_1_77' title='bbox 1017 691 1157 729; x_wconf 90' lang='lat' dir='ltr'><strong>afuisse</strong></span> <span class='ocrx_word' id='word_1_78' title='bbox 1186 705 1238 738; x_wconf 91' lang='lat' dir='ltr'><strong>se,</strong></span> <span class='ocrx_word' id='word_1_79' title='bbox 1260 691 1421 730; x_wconf 87' lang='lat' dir='ltr'><strong>missum</strong></span> 
     </span>
     <span class='ocr_line' id='line_1_11' title="bbox 102 755 1421 806; baseline -0.001 -12"><span class='ocrx_word' id='word_1_80' title='bbox 102 755 142 794; x_wconf 90' lang='lat' dir='ltr'><strong>in</strong></span> <span class='ocrx_word' id='word_1_81' title='bbox 173 757 475 806; x_wconf 83' lang='lat' dir='ltr'><strong>expeditionem,</strong></span> <span class='ocrx_word' id='word_1_82' title='bbox 507 756 719 794; x_wconf 85' lang='lat' dir='ltr'><strong>memoriae</strong></span> <span class='ocrx_word' id='word_1_83' title='bbox 750 755 917 794; x_wconf 84' lang='lat' dir='ltr'><strong>tradidit.</strong></span> <span class='ocrx_word' id='word_1_84' title='bbox 976 762 1083 793; x_wconf 86' lang='lat' dir='ltr'><strong>tanta</strong></span> <span class='ocrx_word' id='word_1_85' title='bbox 1115 755 1421 804; x_wconf 89' lang='lat' dir='ltr'><strong>conponentium</strong></span> 
     </span>
     <span class='ocr_line' id='line_1_12' title="bbox 101 819 1421 868; baseline -0.001 -10"><span class='ocrx_word' id='word_1_86' title='bbox 101 828 252 859; x_wconf 88' lang='lat' dir='ltr'><strong>vetusta</strong></span> <span class='ocrx_word' id='word_1_87' title='bbox 271 834 397 859; x_wconf 89' lang='lat' dir='ltr'><strong>rerum</strong></span> <span class='ocrx_word' id='word_1_88' title='bbox 418 829 675 859; x_wconf 87' lang='lat' dir='ltr'><strong>monumenta</strong></span> <span class='ocrx_word' id='word_1_89' title='bbox 694 821 754 858; x_wconf 79' lang='lat' dir='ltr'><strong>vel</strong></span> <span class='ocrx_word' id='word_1_90' title='bbox 775 819 960 858; x_wconf 84' lang='lat' dir='ltr'><strong>securitas</strong></span> <span class='ocrx_word' id='word_1_91' title='bbox 981 821 1053 866; x_wconf 77' lang='lat' dir='ltr'><strong>vel,</strong></span> <span class='ocrx_word' id='word_1_92' title='bbox 1076 832 1144 868; x_wconf 89' lang='lat' dir='ltr'><strong>par</strong></span> <span class='ocrx_word' id='word_1_93' title='bbox 1163 820 1252 857; x_wconf 90' lang='lat' dir='ltr'><strong>huic</strong></span> <span class='ocrx_word' id='word_1_94' title='bbox 1273 819 1421 866; x_wconf 85' lang='lat' dir='ltr'><strong>vitium,</strong></span> 
     </span>
    </p>
   </div>
   <div class='ocr_carea' id='block_1_7' title="bbox 102 884 1476 935">
    <p class='ocr_par' dir='ltr' id='par_1_7' title="bbox 102 884 1476 935">
     <span class='ocr_line' id='line_1_13' title="bbox 102 884 1476 935; baseline -0.003 -11"><span class='ocrx_word' id='word_1_95' title='bbox 102 886 309 924; x_wconf 87' lang='lat' dir='ltr'><strong>credulitas</strong></span> <span class='ocrx_word' id='word_1_96' title='bbox 338 885 431 923; x_wconf 71' lang='lat' dir='ltr'><strong>fuit!</strong></span> <span class='ocrx_word' id='word_1_97' title='bbox 487 899 575 935; x_wconf 88' lang='lat' dir='ltr'><strong>rege</strong></span> <span class='ocrx_word' id='word_1_98' title='bbox 599 885 638 922; x_wconf 89' lang='lat' dir='ltr'><strong>in</strong></span> <span class='ocrx_word' id='word_1_99' title='bbox 659 885 952 923; x_wconf 84' lang='lat' dir='ltr'><strong>tabernaculum</strong></span> <span class='ocrx_word' id='word_1_100' title='bbox 973 884 1093 921; x_wconf 89' lang='lat' dir='ltr'><strong>relato</strong></span> <span class='ocrx_word' id='word_1_101' title='bbox 1114 884 1258 922; x_wconf 88' lang='lat' dir='ltr'><strong>medici</strong></span> <span class='ocrx_word' id='word_1_102' title='bbox 1278 884 1424 934; x_wconf 89' lang='lat' dir='ltr'><strong>lignum</strong></span> <span class='ocrx_word' id='word_1_103' title='bbox 1446 906 1476 920; x_wconf 73' lang='lat'><strong>22</strong></span> 
     </span>
    </p>
   </div>
   <div class='ocr_carea' id='block_1_8' title="bbox 103 948 1422 999">
    <p class='ocr_par' dir='ltr' id='par_1_8' title="bbox 103 948 1422 999">
     <span class='ocr_line' id='line_1_14' title="bbox 103 948 1422 999; baseline 0 -13"><span class='ocrx_word' id='word_1_104' title='bbox 103 949 263 998; x_wconf 87' lang='lat' dir='ltr'><strong>sagittae</strong></span> <span class='ocrx_word' id='word_1_105' title='bbox 289 949 441 999; x_wconf 85' lang='lat' dir='ltr'><strong>corpori</strong></span> <span class='ocrx_word' id='word_1_106' title='bbox 469 949 629 987; x_wconf 78' lang='lat' dir='ltr'><strong>infixum</strong></span> <span class='ocrx_word' id='word_1_107' title='bbox 663 949 726 995; x_wconf 89' lang='lat' dir='ltr'><strong>ita,</strong></span> <span class='ocrx_word' id='word_1_108' title='bbox 749 962 798 986; x_wconf 89' lang='lat' dir='ltr'><strong>ne</strong></span> <span class='ocrx_word' id='word_1_109' title='bbox 828 948 1020 997; x_wconf 90' lang='lat' dir='ltr'><strong>spiculum</strong></span> <span class='ocrx_word' id='word_1_110' title='bbox 1045 956 1274 995; x_wconf 82' lang='lat' dir='ltr'><strong>moveretur,</strong></span> <span class='ocrx_word' id='word_1_111' title='bbox 1302 949 1422 987; x_wconf 87' lang='lat' dir='ltr'><strong>absci-</strong></span> 
     </span>
    </p>
   </div>
   <div class='ocr_carea' id='block_1_9' title="bbox 102 1013 1476 1063">
    <p class='ocr_par' dir='ltr' id='par_1_9' title="bbox 102 1013 1476 1063">
     <span class='ocr_line' id='line_1_15' title="bbox 102 1013 1476 1063; baseline -0.001 -11"><span class='ocrx_word' id='word_1_112' title='bbox 102 1015 211 1053; x_wconf 86' lang='lat' dir='ltr'><strong>dunt.</strong></span> <span class='ocrx_word' id='word_1_113' title='bbox 270 1027 430 1063; x_wconf 90' lang='lat' dir='ltr'><strong>corpore</strong></span> <span class='ocrx_word' id='word_1_114' title='bbox 457 1013 601 1051; x_wconf 88' lang='lat' dir='ltr'><strong>deinde</strong></span> <span class='ocrx_word' id='word_1_115' title='bbox 628 1014 776 1051; x_wconf 84' lang='lat' dir='ltr'><strong>nudato</strong></span> <span class='ocrx_word' id='word_1_116' title='bbox 800 1013 1115 1050; x_wconf 80' lang='lat' dir='ltr'><strong>animadvertunt</strong></span> <span class='ocrx_word' id='word_1_117' title='bbox 1141 1013 1278 1051; x_wconf 84' lang='lat' dir='ltr'><strong>hamos</strong></span> <span class='ocrx_word' id='word_1_118' title='bbox 1299 1013 1426 1051; x_wconf 91' lang='lat' dir='ltr'><strong>inesse</strong></span> <span class='ocrx_word' id='word_1_119' title='bbox 1446 1033 1476 1041; x_wconf 54' lang='grc' dir='ltr'><em>Μ</em></span> 
     </span>
    </p>
   </div>
   <div class='ocr_carea' id='block_1_10' title="bbox 102 1076 1423 1126">
    <p class='ocr_par' dir='ltr' id='par_1_10' title="bbox 102 1076 1423 1126">
     <span class='ocr_line' id='line_1_16' title="bbox 102 1076 1423 1126; baseline -0.001 -10"><span class='ocrx_word' id='word_1_120' title='bbox 102 1079 192 1125; x_wconf 90' lang='lat' dir='ltr'><strong>telo,</strong></span> <span class='ocrx_word' id='word_1_121' title='bbox 215 1092 287 1116; x_wconf 88' lang='lat' dir='ltr'><strong>nec</strong></span> <span class='ocrx_word' id='word_1_122' title='bbox 313 1078 421 1116; x_wconf 89' lang='lat' dir='ltr'><strong>aliter</strong></span> <span class='ocrx_word' id='word_1_123' title='bbox 441 1078 481 1116; x_wconf 91' lang='lat' dir='ltr'><strong>id</strong></span> <span class='ocrx_word' id='word_1_124' title='bbox 502 1077 584 1116; x_wconf 91' lang='lat' dir='ltr'><strong>sine</strong></span> <span class='ocrx_word' id='word_1_125' title='bbox 605 1077 775 1126; x_wconf 87' lang='lat' dir='ltr'><strong>pernicie</strong></span> <span class='ocrx_word' id='word_1_126' title='bbox 796 1076 968 1125; x_wconf 90' lang='lat' dir='ltr'><strong>corporis</strong></span> <span class='ocrx_word' id='word_1_127' title='bbox 989 1076 1137 1114; x_wconf 79' lang='lat' dir='ltr'><strong>extrahi</strong></span> <span class='ocrx_word' id='word_1_128' title='bbox 1156 1089 1281 1125; x_wconf 87' lang='lat' dir='ltr'><strong>posse,</strong></span> <span class='ocrx_word' id='word_1_129' title='bbox 1305 1090 1423 1126; x_wconf 85' lang='lat' dir='ltr'><strong>quam</strong></span> 
     </span>
    </p>
   </div>
   <div class='ocr_carea' id='block_1_11' title="bbox 102 1142 1427 1190">
    <p class='ocr_par' dir='ltr' id='par_1_11' title="bbox 102 1142 1427 1190">
     <span class='ocr_line' id='line_1_17' title="bbox 102 1142 1427 1190; baseline 0 -10"><span class='ocrx_word' id='word_1_130' title='bbox 102 1151 143 1181; x_wconf 78' lang='lat' dir='ltr'><strong>Ut</strong></span> <span class='ocrx_word' id='word_1_131' title='bbox 176 1143 347 1180; x_wconf 66' lang='lat' dir='ltr'><strong>SeCssndO</strong></span> <span class='ocrx_word' id='word_1_132' title='bbox 376 1143 516 1179; x_wconf 75' lang='lat' dir='ltr'><strong>VUlDUS</strong></span> <span class='ocrx_word' id='word_1_133' title='bbox 545 1150 739 1190; x_wconf 70' lang='lat' dir='ltr'><strong>augerent.</strong></span> <span class='ocrx_word' id='word_1_134' title='bbox 799 1149 981 1187; x_wconf 68' lang='lat' dir='ltr'><strong>Cetel&#39;Uln‚</strong></span> <span class='ocrx_word' id='word_1_135' title='bbox 1004 1154 1054 1178; x_wconf 75' lang='lat' dir='ltr'><strong>ne</strong></span> <span class='ocrx_word' id='word_1_136' title='bbox 1084 1149 1259 1179; x_wconf 69' lang='lat' dir='ltr'><strong>Secantes</strong></span> <span class='ocrx_word' id='word_1_137' title='bbox 1289 1142 1427 1190; x_wconf 77' lang='lat' dir='ltr'><strong>proflu-</strong></span> 
     </span>
    </p>
   </div>
   <div class='ocr_carea' id='block_1_12' title="bbox 101 1205 1424 1709">
    <p class='ocr_par' dir='ltr' id='par_1_12' title="bbox 101 1205 1424 1709">
     <span class='ocr_line' id='line_1_18' title="bbox 101 1205 1423 1255; baseline 0 -11"><span class='ocrx_word' id='word_1_138' title='bbox 101 1206 208 1244; x_wconf 73' lang='lat' dir='ltr'><strong>vium</strong></span> <span class='ocrx_word' id='word_1_139' title='bbox 237 1206 434 1255; x_wconf 82' lang='lat' dir='ltr'><strong>sanguinis</strong></span> <span class='ocrx_word' id='word_1_140' title='bbox 455 1213 674 1255; x_wconf 88' lang='lat' dir='ltr'><strong>occuparet,</strong></span> <span class='ocrx_word' id='word_1_141' title='bbox 696 1206 951 1244; x_wconf 87' lang='lat' dir='ltr'><strong>verebantur:</strong></span> <span class='ocrx_word' id='word_1_142' title='bbox 981 1205 1125 1254; x_wconf 86' lang='lat' dir='ltr'><strong>quippe</strong></span> <span class='ocrx_word' id='word_1_143' title='bbox 1146 1205 1282 1254; x_wconf 80' lang='lat' dir='ltr'><strong>i‘ngens</strong></span> <span class='ocrx_word' id='word_1_144' title='bbox 1302 1208 1423 1244; x_wconf 88' lang='lat' dir='ltr'><strong>telum</strong></span> 
     </span>
     <span class='ocr_line' id='line_1_19' title="bbox 102 1269 1424 1320; baseline -0.002 -10"><span class='ocrx_word' id='word_1_145' title='bbox 102 1274 284 1311; x_wconf 87' lang='lat' dir='ltr'><strong>adactum</strong></span> <span class='ocrx_word' id='word_1_146' title='bbox 304 1278 385 1310; x_wconf 88' lang='lat' dir='ltr'><strong>erat</strong></span> <span class='ocrx_word' id='word_1_147' title='bbox 405 1278 442 1309; x_wconf 92' lang='lat' dir='ltr'><strong>et</strong></span> <span class='ocrx_word' id='word_1_148' title='bbox 461 1279 683 1320; x_wconf 88' lang='lat' dir='ltr'><strong>penetrasse</strong></span> <span class='ocrx_word' id='word_1_149' title='bbox 703 1270 742 1308; x_wconf 90' lang='lat' dir='ltr'><strong>in</strong></span> <span class='ocrx_word' id='word_1_150' title='bbox 763 1271 910 1309; x_wconf 87' lang='lat' dir='ltr'><strong>viscera</strong></span> <span class='ocrx_word' id='word_1_151' title='bbox 924 1269 1136 1308; x_wconf 81' lang='lat' dir='ltr'><strong>videbatur.</strong></span> <span class='ocrx_word' id='word_1_152' title='bbox 1188 1270 1424 1317; x_wconf 83' lang='lat' dir='ltr'><strong>Critobulus,</strong></span> 
     </span>
     <span class='ocr_line' id='line_1_20' title="bbox 102 1335 1420 1384; baseline -0.002 -9"><span class='ocrx_word' id='word_1_153' title='bbox 102 1338 201 1376; x_wconf 88' lang='lat' dir='ltr'><strong>inter</strong></span> <span class='ocrx_word' id='word_1_154' title='bbox 233 1337 409 1375; x_wconf 89' lang='lat' dir='ltr'><strong>medicos</strong></span> <span class='ocrx_word' id='word_1_155' title='bbox 438 1336 529 1374; x_wconf 90' lang='lat' dir='ltr'><strong>artis</strong></span> <span class='ocrx_word' id='word_1_156' title='bbox 552 1335 728 1382; x_wconf 78' lang='lat' dir='ltr'><strong>eximiae,</strong></span> <span class='ocrx_word' id='word_1_157' title='bbox 760 1336 829 1373; x_wconf 89' lang='lat' dir='ltr'><strong>sed</strong></span> <span class='ocrx_word' id='word_1_158' title='bbox 857 1336 896 1373; x_wconf 92' lang='lat' dir='ltr'><strong>in</strong></span> <span class='ocrx_word' id='word_1_159' title='bbox 925 1343 1034 1373; x_wconf 85' lang='lat' dir='ltr'><strong>tanto</strong></span> <span class='ocrx_word' id='word_1_160' title='bbox 1060 1335 1233 1384; x_wconf 88' lang='lat' dir='ltr'><strong>periculo</strong></span> <span class='ocrx_word' id='word_1_161' title='bbox 1258 1335 1420 1383; x_wconf 87' lang='lat' dir='ltr'><strong>territus,</strong></span> 
     </span>
     <span class='ocr_line' id='line_1_21' title="bbox 102 1399 1424 1448; baseline -0.002 -9"><span class='ocrx_word' id='word_1_162' title='bbox 102 1415 237 1440; x_wconf 77' lang='lat' dir='ltr'><strong>manus</strong></span> <span class='ocrx_word' id='word_1_163' title='bbox 261 1402 470 1439; x_wconf 80' lang='lat' dir='ltr'><strong>admovere</strong></span> <span class='ocrx_word' id='word_1_164' title='bbox 499 1401 708 1447; x_wconf 88' lang='lat' dir='ltr'><strong>metuebat,</strong></span> <span class='ocrx_word' id='word_1_165' title='bbox 735 1413 785 1438; x_wconf 88' lang='lat' dir='ltr'><strong>ne</strong></span> <span class='ocrx_word' id='word_1_166' title='bbox 813 1399 852 1437; x_wconf 90' lang='lat' dir='ltr'><strong>in</strong></span> <span class='ocrx_word' id='word_1_167' title='bbox 881 1399 1001 1448; x_wconf 91' lang='lat' dir='ltr'><strong>ipsius</strong></span> <span class='ocrx_word' id='word_1_168' title='bbox 1026 1406 1143 1448; x_wconf 89' lang='lat' dir='ltr'><strong>caput</strong></span> <span class='ocrx_word' id='word_1_169' title='bbox 1162 1412 1300 1448; x_wconf 88' lang='lat' dir='ltr'><strong>parum</strong></span> <span class='ocrx_word' id='word_1_170' title='bbox 1319 1413 1424 1448; x_wconf 91' lang='lat' dir='ltr'><strong>pros-</strong></span> 
     </span>
     <span class='ocr_line' id='line_1_22' title="bbox 101 1463 1423 1517; baseline -0.002 -12"><span class='ocrx_word' id='word_1_171' title='bbox 101 1480 216 1517; x_wconf 91' lang='lat' dir='ltr'><strong>perae</strong></span> <span class='ocrx_word' id='word_1_172' title='bbox 257 1465 468 1504; x_wconf 90' lang='lat' dir='ltr'><strong>curationis</strong></span> <span class='ocrx_word' id='word_1_173' title='bbox 504 1465 694 1503; x_wconf 83' lang='lat' dir='ltr'><strong>recideret</strong></span> <span class='ocrx_word' id='word_1_174' title='bbox 725 1472 897 1503; x_wconf 80' lang='lat' dir='ltr'><strong>eventuS.</strong></span> <span class='ocrx_word' id='word_1_175' title='bbox 956 1463 1225 1502; x_wconf 84' lang='lat' dir='ltr'><strong>lacrimantem</strong></span> <span class='ocrx_word' id='word_1_176' title='bbox 1257 1477 1348 1502; x_wconf 90' lang='lat' dir='ltr'><strong>eum</strong></span> <span class='ocrx_word' id='word_1_177' title='bbox 1378 1478 1423 1502; x_wconf 89' lang='lat' dir='ltr'><strong>ac</strong></span> 
     </span>
     <span class='ocr_line' id='line_1_23' title="bbox 101 1529 1422 1578; baseline -0.002 -10"><span class='ocrx_word' id='word_1_178' title='bbox 101 1538 341 1569; x_wconf 89' lang='lat' dir='ltr'><strong>metuentem</strong></span> <span class='ocrx_word' id='word_1_179' title='bbox 361 1538 399 1568; x_wconf 89' lang='lat' dir='ltr'><strong>et</strong></span> <span class='ocrx_word' id='word_1_180' title='bbox 419 1529 679 1568; x_wconf 89' lang='lat' dir='ltr'><strong>sollicitudine</strong></span> <span class='ocrx_word' id='word_1_181' title='bbox 700 1529 988 1578; x_wconf 88' lang='lat' dir='ltr'><strong>propemodum</strong></span> <span class='ocrx_word' id='word_1_182' title='bbox 1009 1541 1225 1577; x_wconf 81' lang='lat' dir='ltr'><strong>exanguem</strong></span> <span class='ocrx_word' id='word_1_183' title='bbox 1245 1542 1312 1566; x_wconf 80' lang='lat' dir='ltr'><strong>rex</strong></span> <span class='ocrx_word' id='word_1_184' title='bbox 1331 1541 1422 1566; x_wconf 92' lang='lat' dir='ltr'><strong>con-</strong></span> 
     </span>
     <span class='ocr_line' id='line_1_24' title="bbox 101 1594 1422 1645; baseline -0.002 -12"><span class='ocrx_word' id='word_1_185' title='bbox 101 1603 288 1645; x_wconf 78' lang='lat' dir='ltr'><strong>spexerat.</strong></span> <span class='ocrx_word' id='word_1_186' title='bbox 350 1594 498 1644; x_wconf 82' lang='lat' dir='ltr'><strong>‘quid&#39;,</strong></span> <span class='ocrx_word' id='word_1_187' title='bbox 528 1594 665 1644; x_wconf 87' lang='lat' dir='ltr'><strong>inquit,</strong></span> <span class='ocrx_word' id='word_1_188' title='bbox 693 1594 872 1643; x_wconf 89' lang='lat' dir='ltr'><strong>‘quodve</strong></span> <span class='ocrx_word' id='word_1_189' title='bbox 901 1602 1055 1642; x_wconf 91' lang='lat' dir='ltr'><strong>tempus</strong></span> <span class='ocrx_word' id='word_1_190' title='bbox 1081 1601 1261 1642; x_wconf 77' lang='lat' dir='ltr'><strong>expectas</strong></span> <span class='ocrx_word' id='word_1_191' title='bbox 1285 1601 1322 1631; x_wconf 88' lang='lat' dir='ltr'><strong>et</strong></span> <span class='ocrx_word' id='word_1_192' title='bbox 1342 1607 1422 1632; x_wconf 87' lang='lat' dir='ltr'><strong>non</strong></span> 
     </span>
     <span class='ocr_line' id='line_1_25' title="bbox 101 1656 1422 1709; baseline -0.003 -12"><span class='ocrx_word' id='word_1_193' title='bbox 101 1659 389 1709; x_wconf 85' lang='lat' dir='ltr'><strong>quamprimum</strong></span> <span class='ocrx_word' id='word_1_194' title='bbox 408 1659 485 1696; x_wconf 92' lang='lat' dir='ltr'><strong>hoc</strong></span> <span class='ocrx_word' id='word_1_195' title='bbox 505 1659 640 1696; x_wconf 92' lang='lat' dir='ltr'><strong>dolore</strong></span> <span class='ocrx_word' id='word_1_196' title='bbox 660 1671 723 1696; x_wconf 91' lang='lat' dir='ltr'><strong>me</strong></span> <span class='ocrx_word' id='word_1_197' title='bbox 743 1659 880 1695; x_wconf 87' lang='lat' dir='ltr'><strong>saltem</strong></span> <span class='ocrx_word' id='word_1_198' title='bbox 900 1657 1128 1695; x_wconf 88' lang='lat' dir='ltr'><strong>moriturum</strong></span> <span class='ocrx_word' id='word_1_199' title='bbox 1148 1656 1286 1694; x_wconf 80' lang='lat' dir='ltr'><strong>liberas</strong></span> <span class='ocrx_word' id='word_1_200' title='bbox 1302 1658 1320 1693; x_wconf 89' lang='lat'>?</span> <span class='ocrx_word' id='word_1_201' title='bbox 1373 1670 1422 1694; x_wconf 90' lang='lat' dir='ltr'><strong>an</strong></span> 
     </span>
    </p>
   </div>
   <div class='ocr_carea' id='block_1_13' title="bbox 1447 1044 1476 1056">
    <p class='ocr_par' dir='ltr' id='par_1_13' title="bbox 1447 1044 1476 1056">
     <span class='ocr_line' id='line_1_26' title="bbox 1447 1044 1476 1056; baseline 0 0"><span class='ocrx_word' id='word_1_202' title='bbox 1447 1044 1476 1056; x_wconf 65' lang='grc' dir='ltr'><strong>*δ</strong></span> 
     </span>
    </p>
   </div>
   <div class='ocr_carea' id='block_1_14' title="bbox 1446 1163 1477 1186">
    <p class='ocr_par' dir='ltr' id='par_1_14' title="bbox 1446 1163 1477 1186">
     <span class='ocr_line' id='line_1_27' title="bbox 1446 1163 1477 1186; baseline 0 0"><span class='ocrx_word' id='word_1_203' title='bbox 1446 1163 1477 1186; x_wconf 77' lang='lat'><strong>24</strong></span> 
     </span>
    </p>
   </div>
   <div class='ocr_carea' id='block_1_15' title="bbox 1447 1292 1476 1314">
    <p class='ocr_par' dir='ltr' id='par_1_15' title="bbox 1447 1292 1476 1314">
     <span class='ocr_line' id='line_1_28' title="bbox 1447 1292 1476 1314; baseline 0 0"><span class='ocrx_word' id='word_1_204' title='bbox 1447 1292 1476 1314; x_wconf 86' lang='lat'><strong>²5</strong></span> 
     </span>
    </p>
   </div>
   <div class='ocr_carea' id='block_1_16' title="bbox 1445 1479 1476 1502">
    <p class='ocr_par' dir='ltr' id='par_1_16' title="bbox 1445 1479 1476 1502">
     <span class='ocr_line' id='line_1_29' title="bbox 1445 1479 1476 1502; baseline -0.097 0"><span class='ocrx_word' id='word_1_205' title='bbox 1445 1479 1476 1502; x_wconf 69' lang='lat'><strong>20</strong></span> 
     </span>
    </p>
   </div>
   <div class='ocr_carea' id='block_1_17' title="bbox 101 1720 1476 1770">
    <p class='ocr_par' dir='ltr' id='par_1_17' title="bbox 101 1720 1476 1770">
     <span class='ocr_line' id='line_1_30' title="bbox 101 1720 1476 1770; baseline -0.004 -9"><span class='ocrx_word' id='word_1_206' title='bbox 101 1723 224 1770; x_wconf 89' lang='lat' dir='ltr'><strong>times,</strong></span> <span class='ocrx_word' id='word_1_207' title='bbox 257 1736 307 1760; x_wconf 92' lang='lat' dir='ltr'><strong>ne</strong></span> <span class='ocrx_word' id='word_1_208' title='bbox 337 1736 423 1761; x_wconf 87' lang='lat' dir='ltr'><strong>reus</strong></span> <span class='ocrx_word' id='word_1_209' title='bbox 452 1722 514 1769; x_wconf 90' lang='lat' dir='ltr'><strong>sis,</strong></span> <span class='ocrx_word' id='word_1_210' title='bbox 543 1735 634 1760; x_wconf 91' lang='lat' dir='ltr'><strong>cum</strong></span> <span class='ocrx_word' id='word_1_211' title='bbox 657 1721 872 1759; x_wconf 89' lang='lat' dir='ltr'><strong>insanabile</strong></span> <span class='ocrx_word' id='word_1_212' title='bbox 897 1721 1036 1758; x_wconf 84' lang='lat' dir='ltr'><strong>vulnus</strong></span> <span class='ocrx_word' id='word_1_213' title='bbox 1065 1720 1332 1769; x_wconf 48' lang='lat' dir='ltr'><strong>acceperim?</strong></span> <span class='ocrx_word' id='word_1_214' title='bbox 1388 1729 1425 1758; x_wconf 85' lang='lat' dir='ltr'><strong>at</strong></span> <span class='ocrx_word' id='word_1_215' title='bbox 1447 1741 1476 1763; x_wconf 56' lang='grc' dir='ltr'><em>η</em></span> 
     </span>
    </p>
   </div>
   <div class='ocr_carea' id='block_1_18' title="bbox 102 1784 1422 1901">
    <p class='ocr_par' dir='ltr' id='par_1_18' title="bbox 102 1784 1422 1901">
     <span class='ocr_line' id='line_1_31' title="bbox 102 1784 1422 1827; baseline -0.003 -2"><span class='ocrx_word' id='word_1_216' title='bbox 102 1787 326 1827; x_wconf 85' lang='lat' dir='ltr'><strong>Critobulus</strong></span> <span class='ocrx_word' id='word_1_217' title='bbox 359 1787 520 1824; x_wconf 86' lang='lat' dir='ltr'><strong>tandem</strong></span> <span class='ocrx_word' id='word_1_218' title='bbox 553 1787 615 1824; x_wconf 89' lang='lat' dir='ltr'><strong>vel</strong></span> <span class='ocrx_word' id='word_1_219' title='bbox 647 1785 757 1823; x_wconf 88' lang='lat' dir='ltr'><strong>finito</strong></span> <span class='ocrx_word' id='word_1_220' title='bbox 783 1787 845 1823; x_wconf 81' lang='lat' dir='ltr'><strong>vel</strong></span> <span class='ocrx_word' id='word_1_221' title='bbox 878 1785 1122 1823; x_wconf 86' lang='lat' dir='ltr'><strong>dissimulato</strong></span> <span class='ocrx_word' id='word_1_222' title='bbox 1149 1792 1256 1822; x_wconf 89' lang='lat' dir='ltr'><strong>metu</strong></span> <span class='ocrx_word' id='word_1_223' title='bbox 1280 1784 1422 1822; x_wconf 87' lang='lat' dir='ltr'><strong>hortari</strong></span> 
     </span>
     <span class='ocr_line' id='line_1_32' title="bbox 102 1849 1421 1901; baseline -0.003 -11"><span class='ocrx_word' id='word_1_224' title='bbox 102 1865 191 1890; x_wconf 88' lang='lat' dir='ltr'><strong>eum</strong></span> <span class='ocrx_word' id='word_1_225' title='bbox 222 1851 363 1901; x_wconf 84' lang='lat' dir='ltr'><strong>coepit,</strong></span> <span class='ocrx_word' id='word_1_226' title='bbox 398 1859 440 1889; x_wconf 92' lang='lat' dir='ltr'><strong>ut</strong></span> <span class='ocrx_word' id='word_1_227' title='bbox 476 1865 516 1889; x_wconf 89' lang='lat' dir='ltr'><strong>se</strong></span> <span class='ocrx_word' id='word_1_228' title='bbox 547 1850 832 1889; x_wconf 88' lang='lat' dir='ltr'><strong>continendum</strong></span> <span class='ocrx_word' id='word_1_229' title='bbox 864 1851 1077 1899; x_wconf 83' lang='lat' dir='ltr'><strong>praeberet,</strong></span> <span class='ocrx_word' id='word_1_230' title='bbox 1111 1851 1206 1887; x_wconf 91' lang='lat' dir='ltr'><strong>dum</strong></span> <span class='ocrx_word' id='word_1_231' title='bbox 1230 1849 1421 1898; x_wconf 86' lang='lat' dir='ltr'><strong>spiculum</strong></span> 
     </span>
    </p>
   </div>
   <div class='ocr_carea' id='block_1_19' title="bbox 102 1913 1458 1964">
    <p class='ocr_par' dir='ltr' id='par_1_19' title="bbox 102 1913 1458 1964">
     <span class='ocr_line' id='line_1_33' title="bbox 102 1913 1458 1964; baseline -0.004 -10"><span class='ocrx_word' id='word_1_232' title='bbox 102 1917 300 1954; x_wconf 88' lang='lat' dir='ltr'><strong>evelleret:</strong></span> <span class='ocrx_word' id='word_1_233' title='bbox 330 1915 445 1954; x_wconf 90' lang='lat' dir='ltr'><strong>etiam</strong></span> <span class='ocrx_word' id='word_1_234' title='bbox 479 1917 605 1953; x_wconf 89' lang='lat' dir='ltr'><strong>levem</strong></span> <span class='ocrx_word' id='word_1_235' title='bbox 638 1914 811 1964; x_wconf 92' lang='lat' dir='ltr'><strong>corporis</strong></span> <span class='ocrx_word' id='word_1_236' title='bbox 841 1922 991 1952; x_wconf 89' lang='lat' dir='ltr'><strong>motum</strong></span> <span class='ocrx_word' id='word_1_237' title='bbox 1018 1913 1180 1951; x_wconf 84' lang='lat' dir='ltr'><strong>noxium</strong></span> <span class='ocrx_word' id='word_1_238' title='bbox 1209 1914 1301 1951; x_wconf 89' lang='lat' dir='ltr'><strong>fore.</strong></span> <span class='ocrx_word' id='word_1_239' title='bbox 1359 1926 1425 1950; x_wconf 82' lang='lat' dir='ltr'><strong>rex</strong></span> <span class='ocrx_word' id='word_1_240' title='bbox 1446 1934 1458 1948; x_wconf 60' lang='grc' dir='ltr'><strong><em>ς</em></strong></span> 
     </span>
    </p>
   </div>
   <div class='ocr_carea' id='block_1_20' title="bbox 102 1976 1426 2284">
    <p class='ocr_par' dir='ltr' id='par_1_20' title="bbox 102 1976 1426 2284">
     <span class='ocr_line' id='line_1_34' title="bbox 103 1976 1419 2028; baseline -0.002 -12"><span class='ocrx_word' id='word_1_241' title='bbox 103 1993 192 2017; x_wconf 90' lang='lat' dir='ltr'><strong>cum</strong></span> <span class='ocrx_word' id='word_1_242' title='bbox 218 1981 459 2018; x_wconf 86' lang='lat' dir='ltr'><strong>adfirmasset</strong></span> <span class='ocrx_word' id='word_1_243' title='bbox 489 1980 584 2017; x_wconf 90' lang='lat' dir='ltr'><strong>nihil</strong></span> <span class='ocrx_word' id='word_1_244' title='bbox 614 1993 711 2028; x_wconf 91' lang='lat' dir='ltr'><strong>opus</strong></span> <span class='ocrx_word' id='word_1_245' title='bbox 736 1992 820 2018; x_wconf 91' lang='lat' dir='ltr'><strong>esse</strong></span> <span class='ocrx_word' id='word_1_246' title='bbox 849 1978 906 2023; x_wconf 92' lang='lat' dir='ltr'><strong>iis,</strong></span> <span class='ocrx_word' id='word_1_247' title='bbox 927 1977 994 2026; x_wconf 90' lang='lat' dir='ltr'><strong>qui</strong></span> <span class='ocrx_word' id='word_1_248' title='bbox 1018 1984 1141 2014; x_wconf 89' lang='lat' dir='ltr'><strong>semet</strong></span> <span class='ocrx_word' id='word_1_249' title='bbox 1164 1976 1419 2022; x_wconf 89' lang='lat' dir='ltr'><strong>continerent,</strong></span> 
     </span>
     <span class='ocr_line' id='line_1_35' title="bbox 103 2040 1423 2093; baseline -0.004 -11"><span class='ocrx_word' id='word_1_250' title='bbox 103 2043 201 2082; x_wconf 87' lang='lat' dir='ltr'><strong>sicut</strong></span> <span class='ocrx_word' id='word_1_251' title='bbox 233 2052 485 2093; x_wconf 85' lang='lat' dir='ltr'><strong>praeceptum</strong></span> <span class='ocrx_word' id='word_1_252' title='bbox 519 2051 610 2091; x_wconf 83' lang='lat' dir='ltr'><strong>erat,</strong></span> <span class='ocrx_word' id='word_1_253' title='bbox 647 2044 730 2082; x_wconf 91' lang='lat' dir='ltr'><strong>sine</strong></span> <span class='ocrx_word' id='word_1_254' title='bbox 763 2050 874 2081; x_wconf 89' lang='lat' dir='ltr'><strong>motu</strong></span> <span class='ocrx_word' id='word_1_255' title='bbox 907 2042 1084 2091; x_wconf 88' lang='lat' dir='ltr'><strong>praebuit</strong></span> <span class='ocrx_word' id='word_1_256' title='bbox 1117 2054 1267 2090; x_wconf 89' lang='lat' dir='ltr'><strong>corpus.</strong></span> <span class='ocrx_word' id='word_1_257' title='bbox 1310 2040 1423 2090; x_wconf 88' lang='lat' dir='ltr'><strong>igitur</strong></span> 
     </span>
     <span class='ocr_line' id='line_1_36' title="bbox 102 2105 1422 2156; baseline -0.002 -12"><span class='ocrx_word' id='word_1_258' title='bbox 102 2108 297 2156; x_wconf 88' lang='lat' dir='ltr'><strong>patefacto</strong></span> <span class='ocrx_word' id='word_1_259' title='bbox 319 2107 433 2145; x_wconf 90' lang='lat' dir='ltr'><strong>latius</strong></span> <span class='ocrx_word' id='word_1_260' title='bbox 455 2109 616 2146; x_wconf 88' lang='lat' dir='ltr'><strong>vulnere</strong></span> <span class='ocrx_word' id='word_1_261' title='bbox 641 2116 680 2146; x_wconf 92' lang='lat' dir='ltr'><strong>et</strong></span> <span class='ocrx_word' id='word_1_262' title='bbox 704 2107 854 2156; x_wconf 91' lang='lat' dir='ltr'><strong>spiculo</strong></span> <span class='ocrx_word' id='word_1_263' title='bbox 881 2108 1014 2145; x_wconf 87' lang='lat' dir='ltr'><strong>evolso</strong></span> <span class='ocrx_word' id='word_1_264' title='bbox 1038 2106 1175 2155; x_wconf 85' lang='lat' dir='ltr'><strong>ingens</strong></span> <span class='ocrx_word' id='word_1_265' title='bbox 1195 2106 1252 2143; x_wconf 88' lang='lat' dir='ltr'><strong>vis</strong></span> <span class='ocrx_word' id='word_1_266' title='bbox 1272 2105 1422 2153; x_wconf 86' lang='lat' dir='ltr'><strong>sangui-</strong></span> 
     </span>
     <span class='ocr_line' id='line_1_37' title="bbox 103 2168 1423 2220; baseline -0.002 -12"><span class='ocrx_word' id='word_1_267' title='bbox 103 2169 162 2208; x_wconf 91' lang='lat' dir='ltr'><strong>nis</strong></span> <span class='ocrx_word' id='word_1_268' title='bbox 192 2183 349 2208; x_wconf 85' lang='lat' dir='ltr'><strong>manare</strong></span> <span class='ocrx_word' id='word_1_269' title='bbox 379 2171 508 2220; x_wconf 90' lang='lat' dir='ltr'><strong>coepit</strong></span> <span class='ocrx_word' id='word_1_270' title='bbox 537 2171 741 2220; x_wconf 88' lang='lat' dir='ltr'><strong>linquique</strong></span> <span class='ocrx_word' id='word_1_271' title='bbox 771 2171 904 2208; x_wconf 84' lang='lat' dir='ltr'><strong>animo</strong></span> <span class='ocrx_word' id='word_1_272' title='bbox 934 2183 999 2208; x_wconf 85' lang='lat' dir='ltr'><strong>rex</strong></span> <span class='ocrx_word' id='word_1_273' title='bbox 1032 2177 1070 2208; x_wconf 88' lang='lat' dir='ltr'><strong>et</strong></span> <span class='ocrx_word' id='word_1_274' title='bbox 1103 2169 1268 2218; x_wconf 88' lang='lat' dir='ltr'><strong>caligine</strong></span> <span class='ocrx_word' id='word_1_275' title='bbox 1300 2168 1423 2206; x_wconf 84' lang='lat' dir='ltr'><strong>oculis</strong></span> 
     </span>
     <span class='ocr_line' id='line_1_38' title="bbox 103 2232 1426 2284; baseline -0.001 -12"><span class='ocrx_word' id='word_1_276' title='bbox 103 2235 228 2272; x_wconf 84' lang='lat' dir='ltr'><strong>offusa</strong></span> <span class='ocrx_word' id='word_1_277' title='bbox 246 2235 351 2272; x_wconf 88' lang='lat' dir='ltr'><strong>velut</strong></span> <span class='ocrx_word' id='word_1_278' title='bbox 370 2235 624 2274; x_wconf 90' lang='lat' dir='ltr'><strong>moribundus</strong></span> <span class='ocrx_word' id='word_1_279' title='bbox 645 2235 813 2273; x_wconf 78' lang='lat' dir='ltr'><strong>extendi.</strong></span> <span class='ocrx_word' id='word_1_280' title='bbox 862 2247 1031 2284; x_wconf 86' lang='lat' dir='ltr'><strong>cumque</strong></span> <span class='ocrx_word' id='word_1_281' title='bbox 1052 2234 1285 2283; x_wconf 77' lang='lat' dir='ltr'><strong>profluvium</strong></span> <span class='ocrx_word' id='word_1_282' title='bbox 1305 2232 1426 2271; x_wconf 85' lang='lat' dir='ltr'><strong>medi-</strong></span> 
     </span>
    </p>
   </div>
   <div class='ocr_carea' id='block_1_21' title="bbox 1229 2309 1330 2345">
    <p class='ocr_par' dir='ltr' id='par_1_21' title="bbox 1229 2309 1330 2345">
     <span class='ocr_line' id='line_1_39' title="bbox 1229 2309 1330 2345; baseline 0 -13"><span class='ocrx_word' id='word_1_283' title='bbox 1229 2309 1330 2345; x_wconf 85' lang='lat'><strong>5—2</strong></span> 
     </span>
    </p>
   </div>
   <div class='ocr_carea' id='block_1_22' title="bbox 1445 2253 1476 2278">
    <p class='ocr_par' dir='ltr' id='par_1_22' title="bbox 1445 2253 1476 2278">
     <span class='ocr_line' id='line_1_40' title="bbox 1445 2253 1476 2278; baseline 0 0"><span class='ocrx_word' id='word_1_284' title='bbox 1445 2253 1476 2278; x_wconf 62' lang='lat'><strong>³9</strong></span> 
     </span>
    </p>
   </div>
  </div>
 </body>
</html>
