1563 2446
147 89 194 136 73
577 85 621 136 Q.
659 86 847 125 CURTJ
876 86 1030 124 RUFI

143 171 272 222 coepit
292 179 330 211 et
350 179 450 210 retro
472 172 616 209 flumen
636 183 795 221 urgere:
816 171 922 220 quod
938 169 1064 220 primo
1080 170 1304 218 coercitum,
1320 170 1464 211 deinde

143 236 414 276 vehementius
459 237 613 285 pulsum
652 234 797 273 maiore
842 234 989 284 impetu
1027 235 1233 273 adversum
1267 236 1463 284 agebatur,

93 323 123 340 ιο
143 314 260 351 quam
280 299 464 339 torrentia
483 298 683 349 praecipiti
704 299 815 337 alveo
836 297 1044 336 incurrunt.
1096 298 1227 348 ignota
1246 300 1360 349 vulgo
1380 300 1465 338 freti

145 375 282 405 natura
311 372 403 409 erat,
429 371 679 412 monstraque
703 370 742 400 et
769 362 845 400 irae
872 363 990 400 deum
1016 362 1160 400 indicia
1185 376 1342 402 cernere
1362 363 1466 402 vide-

144 432 293 470 bantur.
353 429 568 468 identidem
600 427 864 465 intumescens
894 439 999 465 mare
1025 436 1063 465 et
1095 427 1133 464 in
1159 441 1320 477 campos
1348 429 1466 477 paulo

94 517 120 532 ιι
142 503 234 533 ante
253 493 378 531 siccos
398 492 638 531 descendere
658 491 913 540 superfusum.
972 490 1128 541 iamque
1148 491 1283 530 levatis
1306 492 1466 542 navigiis

144 566 184 598 et
203 566 285 596 tota
304 545 426 595 classe
447 556 632 605 dispersa,
655 555 721 604 qui
741 555 906 604 expositi
926 564 1046 602 erant,
1069 556 1242 605 undique
1271 557 1322 594 ad
1349 569 1466 594 naves

94 645 122 661 ιε
142 621 282 672 trepidi
303 629 341 660 et
361 620 558 670 inproviso
577 620 681 657 malo
701 619 855 657 attoniti
875 628 1083 658 recurrunt.
1142 621 1212 659 sed
1236 621 1275 658 in
1299 623 1466 660 tumultu

146 686 341 725 festinatio
371 697 530 734 quoque
550 684 661 722 tarda
680 691 748 721 est.
807 683 846 721 hi
867 684 992 722 contis
1013 684 1166 733 navigia
1184 685 1391 734 pellebant,
1414 685 1465 731 hi,

95 772 124 795 13
145 752 238 790 dum
260 763 388 789 remos
408 748 531 799 aptari
550 748 821 798 prohibebant,
843 749 1126 787 consederant:
1155 749 1314 798 quidam
1341 750 1467 788 enavi-

145 827 233 864 gare
266 820 529 863 properantes,
555 811 625 849 sed
651 824 731 849 non
754 811 977 860 expectatis,
1007 811 1075 860 qui
1104 811 1217 849 simul
1241 825 1325 851 esse
1353 814 1468 852 debe-

146 877 253 922 bant,
274 876 415 914 clauda
434 883 473 913 et
494 873 681 912 inhabilia
700 873 853 923 navigia
871 874 1056 924 languide
1076 875 1345 922 moliebantur,
1371 877 1467 914 aliae

147 941 304 979 navium
336 940 555 992 inconsulte
586 947 742 977 ruentes
775 951 856 977 non
882 947 1132 988 receperant:
1174 940 1392 990 pariterque
1431 950 1469 979 et

95 1026 124 1048 η
144 1004 353 1042 multitudo
384 1011 422 1042 et
453 1003 628 1053 paucitas
658 1002 884 1041 festinantes
913 1004 1145 1041 morabatur.
1204 1005 1350 1042 clamor
1377 1004 1469 1042 hinc

146 1076 362 1118 expectare,
393 1068 485 1106 hinc
508 1068 562 1106 ire
588 1067 806 1106 iubentium
836 1068 1097 1117 dissonaeque
1117 1081 1233 1107 voces
1256 1082 1469 1119 numquam

146 1134 251 1172 idem
282 1141 399 1183 atque
433 1146 556 1170 unum
586 1132 832 1171 tendentium
859 1145 939 1171 non
966 1134 1168 1170 oculorum
1198 1134 1318 1172 modo
1344 1147 1468 1181 usum,

95 1220 124 1243 15
143 1199 214 1238 sed
237 1198 355 1237 etiam
371 1197 523 1236 aurium
543 1197 793 1235 abstulerant.
843 1210 892 1235 ne
908 1197 947 1235 in
967 1197 1289 1247 gubernatoribus
1309 1198 1468 1247 quidem

147 1262 357 1313 quicquam
377 1262 462 1312 opis
482 1270 574 1308 erat,
596 1274 762 1311 quorum
783 1274 856 1299 nec
875 1261 1049 1299 exaudiri
1069 1275 1144 1300 vox
1163 1275 1186 1300 a
1205 1262 1471 1300 tumultuanti-

146 1328 219 1366 bus
242 1334 394 1377 poterat
423 1339 496 1364 nec
520 1325 726 1375 imperium
752 1338 775 1363 a
804 1325 941 1363 territis
964 1325 1297 1375 inconpositisque
1317 1326 1467 1364 servari.

96 1405 126 1430 ιε
145 1404 236 1441 ergo
256 1391 404 1429 conlidi
423 1390 523 1428 inter
543 1403 584 1429 se
604 1403 721 1428 naves
740 1390 1030 1439 abstergerique
1050 1390 1217 1428 invicem
1238 1390 1334 1428 remi
1349 1399 1387 1429 et
1407 1390 1470 1428 alii

149 1456 313 1494 aliorum
334 1455 487 1504 navigia
505 1467 641 1504 urgere
661 1462 886 1504 coeperunt.
935 1455 1112 1492 crederes
1134 1467 1214 1492 non
1234 1455 1348 1492 unius
1368 1468 1472 1493 exer·

96 1541 126 1565 η
147 1520 245 1558 citus
265 1521 429 1558 classem
449 1519 550 1565 vehi,
572 1519 642 1557 sed
663 1519 830 1557 duorum
852 1520 987 1556 navale
1008 1518 1123 1557 inisse
1150 1526 1356 1557 certamen.
1416 1518 1472 1556 in-

148 1583 393 1622 cutiebantur
424 1583 620 1633 puppibus
650 1595 810 1632 prorae:
848 1583 1123 1632 premebantur
1152 1595 1175 1620 a
1207 1582 1470 1632 sequentibus,

149 1648 217 1698 qui
247 1649 525 1686 antecedentes
562 1647 833 1685 turbaverant:
876 1646 1110 1696 iurgantium
1139 1646 1194 1684 ira
1223 1646 1471 1696 perveniebat

97 1729 126 1753 13
146 1715 264 1754 etiam
285 1715 334 1752 ad
355 1726 504 1751 manus.
564 1712 721 1762 iamque
741 1720 871 1751 aestus
892 1720 995 1750 totos
1015 1712 1118 1750 circa
1137 1712 1282 1750 flumen
1311 1725 1472 1761 campos

149 1781 406 1819 inundaverat
443 1779 604 1818 tumulis
639 1780 839 1817 dumtaxat
877 1779 1140 1818 eminentibus
1186 1779 1292 1816 velut
1338 1778 1473 1816 insulis

150 1845 288 1896 parvis,
309 1845 348 1882 in
369 1858 466 1894 quos
487 1844 660 1893 plerique
680 1843 821 1892 trepidi
842 1843 994 1881 omissis
1015 1842 1175 1892 navigiis
1195 1855 1311 1881 enare
1337 1855 1474 1892 prope-

97 1932 128 1957 19
147 1917 242 1949 rant.
301 1909 475 1958 dispersa
507 1907 641 1945 classis
671 1906 810 1956 partim
843 1907 882 1944 in
915 1907 1086 1956 praealta
1109 1919 1211 1955 aqua
1237 1906 1376 1951 stabat,
1398 1919 1474 1956 qua

151 1974 406 2013 subsederant
425 1973 555 2018 valles,
577 1971 716 2021 partim
737 1971 776 2008 in
796 1971 899 2009 vado
919 1971 1114 2016 haerebat,
1137 1978 1351 2019 utcumque
1373 1969 1474 2009 inae-

150 2039 265 2089 quale
298 2048 420 2076 terrae
454 2035 650 2085 fastigium
688 2042 974 2083 occupaverant
1011 2035 1140 2072 undae
1159 2047 1167 2070 z
1215 2047 1305 2071 cum
1344 2033 1474 2072 subito

97 2125 130 2142 20
148 2116 274 2142 novus
303 2110 342 2140 et
367 2100 530 2151 pristino
556 2099 679 2137 maior
703 2106 825 2137 terror
843 2098 1037 2136 incutitur.
1095 2097 1324 2147 reciprocari
1345 2097 1474 2147 coepit

150 2179 257 2205 mare
286 2177 429 2215 magno
454 2171 577 2202 tractu
603 2162 714 2212 aquis
735 2162 773 2200 in
795 2175 908 2200 suum
928 2163 1067 2200 fretum
1088 2160 1372 2200 recurrentibus
1392 2161 1475 2200 red-
