1563 2446
127 88 178 136 64
563 87 608 137 ρ.
646 89 763 127 cesse
772 89 834 126 Τ]
864 87 1018 126 RUFI

125 180 163 211 et
198 171 366 212 maxime
400 172 574 211 militaris
606 173 740 211 mobili
773 173 919 222 impetu
948 174 1111 212 effertur.
1173 174 1225 213 ita
1251 174 1453 215 seditionis

72 257 103 280 η
125 250 203 275 non
231 237 403 276 remedia
437 251 554 287 quam
578 237 767 287 principia
798 237 943 275 maiora
974 245 1072 276 sunt.
1134 252 1213 277 non
1246 240 1340 278 alias
1374 248 1452 278 tarn

124 302 251 340 alacer
270 303 417 340 clamor
435 302 484 339 ab
506 301 676 340 exercitu
700 309 756 339 est
773 301 959 346 redditus,
979 301 1195 340 iubentium
1214 303 1373 342 duceret
1392 303 1452 342 dis

125 365 307 403 secundis
338 374 603 414 aequaretque
635 365 769 414 gloria,
791 378 890 414 quos
913 366 1180 404 aemularetur.
1241 367 1363 405 laetus
1392 367 1452 405 his

70 450 100 471 24
123 429 475 467 adclamationibus
496 431 546 467 ad
567 431 699 467 hostes
720 429 896 479 protinus
925 438 1050 468 castra
1078 431 1208 468 movit.
1268 431 1453 469 validissi-

125 507 212 532 mae
234 495 422 532 Indorum
443 502 579 543 gentes
595 501 703 532 erant
719 502 758 532 et
770 494 915 532 bellum
931 494 1076 544 lnpigre
1090 495 1280 544 parabant
1296 496 1452 534 ducem-

124 572 202 608 que
222 572 270 597 ex
290 559 449 597 natione
471 560 730 597 Sudracarum
760 566 957 608 spectatae
980 559 1128 596 virtutis
1154 561 1359 608 elegerant,
1384 560 1451 609 qui

124 623 195 661 sub
216 623 408 661 radicibus
429 623 573 661 montis
593 631 717 661 castra
737 623 866 672 posuit
886 625 1039 673 lateque
1061 624 1179 674 ignes,
1208 633 1249 663 ut
1278 625 1449 674 speciem

124 689 383 727 multitudinis
404 696 573 737 augeret,
595 688 777 736 ostendit,
801 690 972 727 clamore
1000 703 1157 738 quoque
1177 703 1224 727 ac
1244 690 1302 728 sui
1332 690 1450 729 moris

123 754 272 791 ululatu
306 753 520 792 identidem
550 753 849 802 adquiescentes
877 755 1119 792 Macedonas
1146 755 1282 793 frustra
1310 763 1450 794 terrere

70 838 100 860 25
121 826 295 855 conatus.
346 817 421 855 iam
444 818 507 854 lux
527 817 750 866 adpetebat,
767 830 857 854 cum
874 831 938 855 rex
958 818 1123 856 fiduciae
1143 831 1190 856 ac
1209 818 1291 868 spei
1311 820 1449 869 plenus

122 883 266 920 alacres
298 881 439 919 milites
471 895 579 919 arma
609 894 747 930 capere
779 889 816 920 et
847 881 951 920 exire
985 882 1024 919 in
1058 882 1184 920 aciem
1213 883 1330 922 iubet.
1380 885 1449 922 sed

123 947 227 984 haud
249 947 421 994 traditur,
445 954 604 993 metune
625 959 674 983 an
695 947 833 984 oborta
853 946 1045 985 seditione
1065 947 1165 985 inter
1190 947 1295 997 ipsos
1320 949 1450 987 subito

122 1012 361 1061 profugerint
381 1011 532 1050 barbari
550 1025 557 1048 ε
588 1019 692 1049 certe
708 1011 814 1048 avios
835 1019 989 1050 montes
1010 1019 1047 1050 et
1067 1011 1264 1061 inpeditos
1285 1025 1450 1062 occupa-

122 1084 272 1124 verunt,
294 1089 462 1126 quorum
495 1089 636 1126 agmen
667 1089 734 1114 rex
764 1077 902 1113 frustra
924 1085 1151 1126 persecutus
1180 1076 1450 1126 inpedimenta

122 1142 236 1192 cepit.

69 1220 101 1244 ,ε
202 1209 437 1246 Perventum
459 1206 603 1246 deinde
626 1214 683 1245 est
710 1207 759 1245 ad
783 1206 974 1257 oppidum
995 1207 1264 1255 Sudracarum,
1284 1207 1322 1246 in
1340 1209 1446 1258 quod

121 1272 295 1321 plerique
324 1273 591 1322 confugerant,
616 1273 722 1310 haud
749 1272 894 1310 maiore
919 1272 1062 1310 fiducia
1087 1272 1301 1319 moenium,
1330 1286 1446 1322 quam

69 1357 99 1379 27
119 1349 326 1374 armorum.
366 1336 443 1373 iam
457 1337 694 1373 admovebat
710 1348 788 1381 rex,
803 1348 893 1372 cum
906 1343 1012 1373 vates
1029 1348 1189 1374 monere
1203 1349 1290 1374 eum
1305 1336 1445 1385 coepit,

123 1414 171 1438 ne
201 1400 464 1438 committeret
493 1408 559 1438 aut
589 1408 693 1438 certe
722 1399 892 1437 differret
921 1399 1195 1438 obsidionem:
1234 1400 1335 1439 vitae
1365 1400 1447 1438 eius

68 1479 98 1503 23
118 1465 334 1514 periculum
375 1465 540 1503 ostendi.
611 1478 677 1503 rex
707 1464 1115 1514 Demophontem—is
1146 1477 1317 1514 namque
1339 1473 1447 1503 vates

121 1530 421 1577 erat—intuens,
456 1529 509 1567 ‘si
543 1529 629 1578 quis
643 1529 661 1577 ',
695 1528 832 1577 inquit,
881 1532 941 1566 ‘te
972 1528 1042 1566 arti
1069 1535 1158 1566 tuae
1187 1528 1382 1567 intentum
1409 1539 1447 1568 et

121 1602 210 1632 exta
241 1601 485 1643 spectantem
516 1593 572 1631 sic
599 1593 827 1642 interpellet,
857 1606 937 1631 non
963 1592 1150 1639 dubitem,
1179 1593 1274 1642 quin
1301 1593 1447 1632 incom-

67 1680 99 1703 m)
118 1659 261 1696 modus
281 1672 327 1696 ac
347 1660 534 1696 molestus
555 1658 676 1696 videri
696 1657 765 1695 tibi
786 1657 931 1707 possit.’
979 1665 1017 1695 et
1033 1670 1123 1694 cum
1139 1657 1202 1695 ille
1219 1657 1271 1695 ita
1291 1670 1445 1707 prorsus

121 1725 292 1761 futurum
326 1722 602 1772 respondisset,
637 1725 846 1760 ‘censesne
862 1723 880 1769 '‚
917 1721 1055 1770 inquit,
1089 1724 1237 1759 ‘tantas
1268 1735 1340 1768 res,
1366 1734 1444 1760 non

120 1788 316 1837 pecudum
344 1788 459 1824 fibras
485 1794 575 1824 ante
599 1787 734 1823 oculos
758 1785 918 1823 habenti
945 1787 1068 1823 ullum
1089 1798 1174 1824 esse
1195 1786 1319 1823 maius
1339 1786 1446 1835 inpe-

67 1874 99 1897 30
118 1852 346 1897 dimentum,
365 1864 482 1900 quam
498 1858 624 1888 vatem
645 1850 918 1899 superstitione
938 1858 1095 1899 captum
1109 1851 1144 1887 ?’
1193 1863 1267 1888 nec
1287 1850 1441 1896 diutim,

121 1927 239 1964 quam
269 1914 483 1963 respondit,
519 1922 690 1951 moratus
717 1913 917 1951 admoveri
947 1913 1053 1951 iubet
1079 1915 1202 1951 scalas
1231 1915 1446 1953 cunctanti-

120 1979 271 2028 busque
292 1979 428 2017 ceteris
449 1978 578 2017 evadit
598 1978 636 2015 in
658 1991 823 2015 murum.
874 1986 1037 2027 angusta
1058 1977 1155 2015 muri
1176 1992 1321 2017 corona
1341 1988 1443 2018 erat:

121 2057 201 2082 non
231 2043 374 2093 pinnae
400 2043 498 2080 sicut
526 2041 618 2080 alibi
644 2041 837 2090 fastigium
865 2041 946 2080 eius
977 2041 1242 2089 distinxerant,
1272 2044 1341 2081 sed
1364 2057 1446 2094 per-

66 2129 95 2154 μ
118 2115 236 2158 petua
261 2107 380 2145 lorica
400 2107 572 2144 obducta
592 2105 795 2143 transitum
816 2113 1019 2154 saepserat.
1080 2105 1211 2154 itaque
1231 2119 1297 2145 rex
1317 2108 1446 2146 haere-

121 2173 188 2211 bat
208 2171 329 2221 magis
349 2183 468 2220 quam
489 2170 616 2208 stabat
636 2169 675 2207 in
696 2169 880 2219 margine,
899 2169 1025 2218 clipeo
1042 2170 1217 2219 undique
1233 2170 1445 2211 incidentia

120 2237 198 2276 tela
225 2236 482 2287 propulsans:
511 2247 602 2273 nam
626 2234 770 2284 ubique
795 2234 946 2273 eminus
973 2247 1019 2273 ex
1040 2234 1207 2273 turribus
1226 2236 1441 2286 petebatur.
