1563 2446
126 105 174 151 45
558 104 602 153 Q.
649 105 767 143 eme
774 106 837 142 Τ]
868 105 1012 143 RUFI

124 192 349 230 Alexander
374 191 412 229 in
442 191 593 230 diversa
621 198 728 240 parte
757 190 863 240 ripae
883 190 998 228 statui
1019 203 1132 229 suum
1154 192 1446 230 tabernaculum

124 254 233 294 iussit
253 256 534 305 adsuetamque
561 254 737 293 comitari
763 254 890 304 ipsum
919 255 1121 293 cohortem
1148 264 1238 294 ante
1265 256 1303 294 id
1328 256 1450 295 taber-

125 320 310 357 naculum
334 328 433 357 stare
467 327 504 358 et
536 332 695 356 omnem
724 326 953 368 apparatum
983 319 1110 368 regiae
1139 318 1448 369 magnificentiae

74 403 102 420 αι
124 383 295 421 hostium
309 383 431 421 oculis
445 384 493 421 de
511 383 699 420 industria
713 382 876 421 ostendi.
909 383 1083 420 Attalum
1099 383 1226 430 etiam,
1245 384 1447 432 aequalem

126 447 199 485 sibi
228 456 266 486 et
295 449 399 486 haud
429 448 624 497 disparem
655 446 789 485 habitu
819 446 894 484 oris
924 454 962 484 et
991 446 1174 496 corporis,
1200 447 1333 496 utique
1359 460 1448 484 cum

126 513 260 562 procul
286 512 480 557 viseretur,
508 519 612 549 veste
639 511 741 561 regia
770 518 941 557 exornat,
972 511 1235 560 praebiturum
1265 510 1447 560 speciem,

126 576 254 626 ipsum
283 589 411 625 regem
442 575 495 613 illi
525 575 629 624 ripae
662 575 882 624 praesidere
914 588 986 612 nec
1015 575 1160 624 agitare
1193 575 1242 613 de
1273 574 1447 612 transitu.

74 662 104 678 ῃ
124 641 238 679 huius
276 640 427 678 consilii
465 641 647 679 effectum
686 639 812 688 primo
841 648 991 677 morata
1020 647 1230 688 tempestas
1259 647 1326 686 est,
1358 652 1450 676 mox

126 705 284 752 adiuvit,
323 704 578 742 incommoda
614 717 772 753 quoque
818 703 869 741 ad
906 704 1032 741 bonos
1079 712 1241 741 eventus
1278 711 1451 742 vertente

74 790 105 814 23
126 771 290 807 fortuna.
350 768 510 807 traicere
529 781 687 806 amnem
708 781 797 804 cum
818 767 954 806 ceteris
975 767 1096 816 copiis
1116 767 1154 805 in
1176 767 1375 817 regionem
1397 767 1449 805 in-

127 835 245 881 sulae,
268 835 318 872 de
338 847 416 883 qua
434 841 524 871 ante
545 833 695 871 dictum
721 840 790 879 est,
812 832 980 881 parabat,
1004 845 1138 870 averso
1166 833 1278 870 hoste
1305 832 1342 870 in
1371 845 1450 880 eos,

128 898 195 948 qui
215 912 304 936 cum
327 899 556 936 Ptolomaeo
581 897 801 935 inferiorem
829 897 1063 935 obsederant
1091 896 1225 945 ripam,
1248 909 1338 934 cum
1368 909 1452 946 pro-

129 964 227 1001 cella
246 962 411 1000 imbrem
432 962 496 999 vix
515 962 587 999 sub
607 961 718 999 tectis
739 960 984 999 tolerabilem
1009 960 1184 998 effundit.
1245 960 1451 1010 obrutique

128 1027 269 1065 milites
297 1026 433 1064 nimbo
462 1026 501 1064 in
530 1019 672 1063 terram
700 1026 922 1074 refugerunt
951 1024 1112 1074 navigiis
1138 1024 1362 1074 ratibusque
1389 1025 1453 1063 de-

128 1091 248 1130 sertis.
307 1092 376 1130 sed
396 1090 716 1130 tumultuantium
737 1089 909 1128 fremitus
926 1090 1240 1139 obstrepentibus
1259 1089 1384 1128 ventis
1404 1091 1452 1128 ab

76 1180 105 1202 24
127 1159 239 1196 hoste
257 1170 338 1195 non
358 1164 510 1206 poterat
529 1155 664 1194 audiri.
720 1154 863 1193 deinde
883 1163 1086 1193 momento
1106 1153 1291 1204 temporis
1310 1167 1454 1204 repres-

131 1236 195 1261 sus
216 1230 273 1261 est
299 1221 446 1260 imber:
470 1228 642 1259 ceterum
669 1220 770 1258 adeo
797 1218 942 1268 spissae
966 1218 1167 1257 intendere
1195 1232 1235 1257 se
1256 1219 1389 1266 nubes,
1411 1227 1454 1257 ut

130 1287 344 1325 conderent
373 1287 511 1333 lucem,
543 1284 684 1333 vixque
713 1283 1035 1333 conloquentium
1064 1283 1163 1320 inter
1196 1282 1298 1332 ipsos
1337 1282 1454 1320 facies

78 1373 109 1396 23
129 1351 420 1390 noscitarentur.
479 1349 676 1388 terruisset
702 1348 822 1386 alium
849 1349 1022 1386 obducta
1048 1360 1126 1384 nox
1151 1347 1271 1392 caelo,
1294 1359 1383 1384 cum
1404 1346 1455 1396 ig-

131 1424 226 1454 noto
264 1428 382 1453 amne
419 1414 684 1463 navigandum
723 1420 835 1459 esset,
869 1411 1028 1450 forsitan
1065 1412 1178 1449 hoste
1212 1423 1297 1448 eam
1331 1410 1454 1460 ipsam

83 1495 114 1520 26
133 1481 266 1530 ripam,
290 1492 407 1529 quam
429 1478 535 1517 caeci
556 1486 673 1527 atque
700 1476 893 1527 inprovidi
913 1477 1093 1525 petebant,
1120 1480 1262 1513 tenente.
1321 1483 1360 1513 at
1388 1488 1455 1513 rex

132 1545 305 1595 periculo
342 1543 503 1592 gloriam
542 1555 744 1580 accersens
781 1548 821 1580 et
850 1540 1139 1586 obscuritatem,
1175 1552 1275 1588 quae
1305 1547 1455 1578 ceteros

131 1609 310 1655 terrebat,
324 1621 434 1645 suam
450 1606 697 1645 occasionem
713 1613 817 1643 ratus
830 1606 923 1643 dato
943 1604 1064 1653 signo,
1083 1612 1125 1642 ut
1146 1616 1282 1642 omnes
1301 1603 1455 1641 silentio

133 1673 389 1711 ascenderent
409 1671 448 1709 in
468 1680 580 1717 rates,
603 1684 701 1715 eam,
723 1682 800 1719 qua
819 1668 900 1718 ipse
920 1669 1144 1714 vehebatur,
1162 1667 1326 1717 primam
1347 1667 1455 1706 iussit

80 1760 109 1782 27
131 1737 280 1787 expelli.
329 1749 452 1773 vacua
467 1743 547 1773 erat
563 1735 611 1773 ab
631 1734 808 1772 hostibus
828 1734 921 1783 ripa,
943 1746 1043 1782 quae
1063 1733 1288 1782 petebatur:
1310 1732 1454 1782 quippe

133 1804 264 1841 adhuc
285 1803 406 1839 Porus
428 1802 699 1839 Ptolomaeum
715 1807 866 1837 tantum
887 1798 1118 1836 intuebatur.
1150 1810 1228 1834 una
1243 1810 1334 1846 ergo
1354 1797 1453 1839 navi,

133 1880 252 1917 quam
289 1874 421 1915 petrae
459 1865 598 1902 fluctus
637 1863 815 1908 inliserat,
857 1863 1040 1900 haerente
1078 1869 1229 1899 ceterae
1267 1861 1455 1899 evadunt:

135 1943 320 1980 armaque
340 1942 478 1979 capere
500 1927 639 1965 milites
661 1935 699 1966 et
718 1927 771 1965 ire
792 1927 831 1964 in
852 1926 1007 1965 ordines
1028 1925 1146 1963 iussit.

62 1995 120 2040 14
220 1996 384 2043 Iamque
418 2005 558 2042 agmen
589 1991 628 2029 in
662 2004 810 2029 cornua
842 1990 1008 2028 divisum
1042 1989 1124 2038 ipse
1159 1989 1337 2035 ducebat,
1367 2002 1455 2027 cum

137 2061 239 2097 Poro
258 2057 457 2095 nuntiatur
476 2055 591 2094 armis
607 2055 773 2104 virisque
793 2054 914 2103 ripam
936 2053 1100 2091 obtineri
1120 2061 1159 2091 et
1173 2066 1300 2091 rerum
1321 2053 1457 2092 adesse

137 2122 356 2164 discrimen.
413 2134 459 2159 ac
482 2120 607 2170 primo
633 2118 794 2157 humani
823 2117 967 2168 ingenii
993 2117 1085 2155 vitio
1113 2117 1194 2166 spei
1223 2130 1315 2155 suae
1335 2116 1458 2156 indul-

134 2200 230 2237 gens
260 2185 450 2224 Abisaren
482 2184 574 2223 belli
607 2183 851 2221 socium-et
879 2182 932 2220 ita
960 2182 1458 2220 convenerat—adventare

103 2273 118 2290 2
138 2251 331 2290 credebat.
388 2261 481 2288 mox
509 2247 714 2298 liquidiore
742 2248 827 2285 luce
857 2245 1053 2296 aperiente
1082 2245 1206 2284 aciem
1235 2245 1406 2284 hostium
1434 2257 1458 2284 c
