1563 2446
139 130 211 166 182
598 128 920 167 APPENDIX
951 128 1002 166 A.

136 219 245 244 tamen
263 217 297 244 ut
313 211 476 244 delectent
493 211 662 243 suadenda
677 217 763 243 sunt.
810 217 842 243 et
859 211 943 242 inter
958 220 1049 251 reges
1068 209 1158 252 ipsos
1177 220 1245 241 esse
1271 209 1463 242 discrimem

135 267 293 308 quosdam
325 267 432 298 minus
461 273 517 297 aut
546 266 651 307 magis
671 276 747 297 osos
768 265 962 303 ueritatem;
989 264 1083 296 facile
1109 265 1334 296 Alexandrum
1361 265 1464 296 exisse

135 331 217 361 quos
232 320 481 362 superbissimos
496 325 528 352 et
544 331 642 362 supra
663 320 810 351 mortalis
830 319 931 350 animi
954 319 1089 350 modum
1112 318 1244 350 inflatos
1267 319 1462 361 accepimus.

135 375 275 416 ‹lc-nique
296 380 332 406 ut
358 375 423 406 alia
447 374 652 406 dimittantur
676 378 877 414 argumenta,
897 373 969 414 ipsa
993 372 1139 404 suasoria
1164 373 1371 405 insolentiam
1395 373 1464 405 eius

137 429 282 470 coarguit
296 439 305 466 ;
329 429 418 460 orbis
434 429 526 460 illum
542 439 617 460 suus
633 438 699 459 non
715 428 821 470 capit:
845 428 955 468 itaque
970 426 1052 458 nihil
1072 427 1248 459 dicendum
1271 427 1381 459 aiebat
1401 426 1464 458 nisi

136 493 208 513 cum
225 493 352 514 summa
366 481 577 513 ueneratione
593 481 687 522 regis,
708 491 748 512 ne
765 481 925 512 accideret
943 480 1031 511 idern
1054 480 1144 522 quod
1167 482 1372 523 praeceptori
1395 482 1464 514 eius

136 535 272 566 amitino
294 535 482 566 Aristotelis
508 534 638 571 accidit,
663 544 761 575 quem
788 533 908 565 occidit
931 538 1066 574 propter
1091 533 1319 575 intempestiue
1343 534 1465 567 liberos

136 591 235 621 sales:
253 600 330 620 nam
346 600 420 620 cum
438 587 561 630 (deum)
578 599 612 620 se
628 588 728 619 uellet
743 588 848 619 uideri
865 593 897 619 et
912 587 1101 619 uulneratus
1117 588 1292 624 esset‚uiso
1307 589 1464 630 sanguine

136 644 204 674 cius
226 643 443 685 philosophus
458 643 569 674 mirari
584 652 618 674 se
641 642 776 679 dixerat,
797 641 886 683 quod
909 651 976 673 non
999 646 1082 673 esset
1100 640 1183 682 ἰχώρ
1199 643 1259 674 οἷός
1275 643 1334 682 πέρ
1350 654 1386 674 τε
1400 643 1464 684 ῥέει

136 697 311 736 μακάρεσσι
328 697 454 727 θεοῖσιν.
488 695 543 726 ille
559 705 593 726 se
609 695 652 726 ab
666 695 728 726 hac
743 694 927 726 urbanitate
943 694 1057 726 lancea
1077 695 1269 726 uindicauit.
1298 695 1464 737 eleganter

136 750 169 781 in
187 751 225 781 C.
240 750 333 782 Cassi
357 749 496 791 epistola
514 749 656 790 quadam
679 749 721 780 ad
740 749 789 780 M.
808 748 1000 780 Ciceronem
1023 748 1121 780 missa
1142 749 1299 790 positum:
1325 751 1462 782 multum

137 805 260 835 iocatur
275 804 316 835 de
337 804 475 835 stultitia
499 803 561 834 Cn.
580 802 717 844 Pompei
740 802 957 834 adulescentis
980 802 1036 843 qui
1059 802 1091 833 in
1118 803 1281 844 Hispania
1303 805 1463 837 contraxit

136 859 313 890 exercitum
343 863 376 890 et
400 859 443 889 ad
468 858 631 889 Mundam
656 857 726 889 acie
752 857 857 888 uictus
881 862 948 896 est3
978 857 1097 888 deinde
1126 857 1186 888 ait:
1223 858 1301 889 ‘nos
1330 858 1463 900 quidem

135 912 227 943 illum
244 912 440 949 deridemus,
457 912 515 944 sed
530 912 631 943 timeo
645 921 687 944 ne
703 911 758 943 ille
773 922 833 943 nos
848 911 960 953 gladio
983 911 1252 951 ἀντιμυκτηρίσῃ’.
1302 913 1336 944 in
1359 913 1461 945 omni-

137 968 196 998 bus
226 968 356 1009 regibus
380 968 462 999 haec
488 967 655 999 urbanitas
678 967 921 998 extimescenda
943 971 1002 998 est.
1047 965 1068 998 6
1112 967 1220 999 aiebat
1243 967 1353 1009 itaque
1375 969 1463 1010 apud

135 1022 361 1053 Alexandnim
377 1032 447 1053 esse
464 1021 639 1053 dicendam
654 1021 850 1053 sententiam
866 1025 902 1052 ut
917 1020 1021 1052 multa
1036 1020 1224 1052 adulatione
1246 1021 1373 1053 animus
1394 1022 1464 1054 eius

135 1077 402 1117 permulceretur,
423 1076 620 1108 seruandum
637 1081 748 1108 tamen
764 1076 907 1116 aliquem
924 1075 1070 1113 modum,
1090 1085 1132 1106 ne
1146 1081 1316 1107 conrueret
1331 1076 1414 1107 ratio
1429 1081 1462 1108 et

136 1129 297 1160 accideret
314 1129 379 1160 tale
395 1129 519 1170 aliquid
543 1129 639 1171 quale
655 1128 774 1160 accidit
790 1127 1058 1166 AtheniensibuS,
1078 1138 1152 1159 cum
1175 1128 1326 1169 publicae
1349 1139 1462 1162 eorum

137 1183 317 1215 blanditiae
346 1194 414 1215 non
442 1190 571 1216 tantum
600 1184 822 1226 deprehensae
852 1188 900 1215 set
931 1184 1107 1224 castigatae
1136 1189 1221 1216 sunt.
1279 1194 1356 1216 nam
1386 1195 1461 1216 curn

135 1237 301 1268 Antonius
316 1237 416 1269 uellet
432 1248 467 1269 se
484 1237 642 1269 Liberum
658 1242 785 1279 patrem
802 1237 867 1268 dici
883 1242 915 1268 et
938 1237 1000 1268 hoc
1024 1247 1145 1268 nomen
1167 1237 1281 1269 statuis
1303 1238 1461 1270 subscribi

135 1292 271 1331 iuberet,
298 1292 414 1324 habitu
444 1303 574 1335 quoque
601 1298 634 1324 et
663 1293 821 1324 comitatu
851 1291 1006 1323 Liberum
1037 1292 1226 1330 imitaretur,
1255 1298 1462 1325 occurrerunt

136 1348 278 1379 uenienti
296 1348 324 1379 ei
342 1348 560 1380 Athenienses
575 1358 651 1379 cum
673 1346 867 1387 coniugibus
890 1351 922 1377 et
945 1346 1056 1378 liberis
1077 1352 1110 1378 et
1132 1345 1281 1378 Διόνυσον
1302 1347 1461 1379 salutaue-

135 1407 218 1432 runt.
267 1401 353 1432 belle
378 1401 442 1432 illis
468 1407 618 1439 cesserat,
644 1401 670 1431 si
697 1410 793 1432 nasus
808 1399 938 1431 Atticus
965 1399 1011 1430 ibi
1035 1399 1248 1438 substitisset3
1273 1400 1347 1439 (set)
1372 1400 1460 1432 dixe·

136 1461 209 1486 runt
225 1455 428 1497 despondere
445 1456 531 1497 ipsos
555 1456 586 1486 in
611 1455 855 1486 matrimonium
878 1454 926 1485 illi
950 1454 1134 1485 Mineruam
1157 1464 1249 1485 suam
1272 1460 1304 1486 et
1326 1465 1460 1495 rogaue-

135 1516 208 1541 runt
234 1517 269 1541 ut
297 1512 438 1542 duceret.
488 1511 653 1542 Antonius
677 1510 722 1541 ait
743 1510 926 1548 ducturum,
955 1509 1011 1540 sed
1036 1509 1122 1540 dotis
1145 1509 1277 1540 nomine
1301 1508 1460 1550 imperare

135 1574 170 1594 se
194 1563 257 1595 illis
276 1565 366 1595 mille
389 1565 522 1595 talenta.
561 1570 628 1595 tum
654 1575 694 1595 ex
717 1563 887 1595 Graeculis
910 1563 1043 1604 quidam
1067 1563 1129 1594 ait:
1155 1564 1249 1602 κύριε,
1267 1562 1284 1593 ὁ
1309 1563 1381 1594 Ζεὺς
1403 1567 1461 1603 τὴν

133 1620 254 1658 μητέρα
286 1630 343 1649 σου
374 1619 518 1655 Σεμέλην
545 1620 695 1658 ἄπροικον
723 1618 817 1656 εἶχεν.
877 1616 952 1648 huic
983 1616 1115 1657 quidem
1146 1615 1268 1657 inpune
1297 1615 1368 1654 suit,
1401 1618 1460 1649 sed

135 1671 387 1702 Atheniensium
421 1671 587 1712 sponsalia
620 1671 711 1702 mille
748 1669 879 1701 talentis
915 1669 1086 1700 aestimata
1122 1674 1208 1700 sunt.
1268 1679 1351 1710 quae
1385 1680 1459 1701 cum

135 1726 342 1766 exigerentur
382 1725 554 1767 conplures
597 1724 823 1756 contumeliosi
865 1723 967 1754 libelli
1011 1723 1288 1764 proponebantur,
1326 1724 1460 1765 quidam

134 1779 232 1810 etiam
266 1779 328 1820 ipsi
363 1779 511 1810 Antonio
547 1778 777 1810 tradebantur:
815 1777 897 1809 sicut
932 1777 987 1808 ille
1018 1777 1074 1818 qui
1104 1777 1305 1818 subscriptus
1334 1782 1460 1811 statuae

133 1834 202 1864 eius
239 1833 309 1870 fuit,
351 1844 425 1864 cum
463 1833 579 1864 eodem
617 1838 764 1875 tempore
801 1838 834 1864 et
872 1831 1046 1864 Octauiam
1083 1841 1218 1863 uxorem
1256 1832 1391 1864 haberet
1427 1840 1460 1866 et

135 1888 367 1929 Cleopatram:
406 1885 576 1918 Ὀκταουία
614 1887 665 1918 καὶ
704 1886 821 1924 Ἀθηνῑ
857 1885 1027 1925 Ἀντωνίῳ·
1067 1896 1117 1917 res
1156 1891 1227 1918 tuas
1264 1887 1324 1918 tibi
1361 1887 1458 1919 habe.

135 1949 151 1980 7
196 1941 410 1973 bellissimam
441 1947 551 1973 tamen
581 1952 649 1973 rem
680 1942 842 1973 DELLIVS
872 1941 964 1979 dixit,
998 1951 1096 1982 quern
1126 1941 1269 1972 Messala
1299 1941 1460 1974 Cominus

134 1997 332 2028 desultorem
361 1996 523 2028 bellorum
553 1996 698 2027 ciuilium
728 2001 834 2033 uocat,
860 1995 935 2036 quia
960 1995 1004 2026 ab
1031 1995 1208 2026 Dolabella
1236 1995 1279 2027 ad
1309 1995 1459 2028 Cassium

133 2049 324 2081 transiturus
338 2049 476 2081 salutem
499 2049 560 2080 sibi
585 2055 698 2091 pactus
722 2054 780 2087 est,
799 2049 826 2080 si
853 2048 1064 2080 Dolabellam
1088 2048 1277 2079 occidisset:
1301 2058 1322 2078 a
1346 2048 1461 2081 Cassio

134 2103 254 2134 deinde
290 2102 418 2134 transiit
455 2102 499 2133 ad
527 2102 720 2139 Antonium,
754 2101 930 2133 nouissime
968 2101 1009 2132 ab
1039 2101 1187 2132 Antonio
1216 2101 1387 2142 transfugit
1416 2103 1459 2134 ad

133 2158 318 2189 Caesarem.
366 2156 420 2188 hic
449 2161 499 2188 est
529 2156 658 2188 Dellius
689 2156 779 2187 cuius
809 2156 968 2198 epistulae
996 2155 1038 2186 ad
1072 2155 1283 2196 Cleopatram
1319 2155 1460 2188 lasciuae

133 2213 287 2243 seruntur.
331 2220 407 2242 cum
422 2209 641 2241 Athenienses
655 2215 784 2251 tempus
800 2215 948 2251 peterent
968 2209 1009 2240 ad
1032 2209 1206 2250 pecuniam
1228 2209 1459 2242 conserendam

131 2276 191 2297 nec
214 2269 395 2301 exorarent,
420 2264 549 2296 Dellius
571 2265 632 2296 ait:
659 2270 692 2296 et
721 2270 831 2296 tamen
861 2264 962 2295 dicito
989 2263 1062 2294 illos
1093 2264 1153 2295 tibi
1183 2274 1302 2297 annua.
1333 2264 1454 2303 bienni,

132 2319 250 2352 trienni
265 2318 318 2350 die
334 2318 462 2351 debere.
508 2317 637 2359 longius
652 2328 705 2362 me
720 2317 912 2349 fabellarum
928 2317 1068 2349 dulcedo
1084 2317 1257 2359 produxit:
1281 2317 1392 2360 itaque
1414 2319 1457 2352 ad
