1563 2446
200 116 250 161 43
637 114 682 163 Q.
729 114 918 153 CCRTJ
948 115 1104 153 RUFI

144 220 175 245 13
195 213 264 250 per
282 200 460 239 inhibuit.
493 201 631 240 beluae
645 201 860 251 dispositae
874 201 973 240 inter
987 209 1157 241 armatos
1177 201 1347 252 speciem
1371 203 1530 243 turrium

196 266 331 315 procul
360 267 540 304 fecerant.
599 266 682 315 ipse
714 268 837 304 Porus
868 266 1063 304 humanae
1088 266 1368 316 magnitudinis
1396 280 1532 318 prope-

197 330 359 368 modum
385 338 602 368 excesserat
623 331 798 368 sormam.
857 330 1169 380 magnitudinem
1197 330 1348 379 corpori
1377 331 1530 370 adicere

197 393 402 431 videbatur
416 394 540 440 belua,
556 407 634 443 qua
648 394 872 440 vehebatur,
887 402 1038 432 tantum
1057 394 1155 432 inter
1175 402 1322 432 ceteras
1342 395 1530 442 eminens,

146 477 175 500 η
196 465 344 506 quanto
365 457 450 495 aliis
471 457 554 506 ipse
574 458 806 507 praestabat.
850 457 980 506 itaque
1001 459 1223 496 Alexander
1243 460 1531 508 contemplatus

198 530 235 560 et
264 535 396 571 regem
426 529 464 559 et
494 535 633 571 agmen
667 522 870 568 Indorum,
895 522 1100 568 ‘tandem’‚
1124 521 1258 571 inquit,
1285 526 1370 571 ‘par
1398 522 1531 561 animo

199 599 289 624 meo
319 585 535 635 periculum
566 585 691 624 video.
753 599 843 623 cum
873 585 1006 624 bestiis
1035 585 1150 624 simul
1181 595 1218 624 et
1248 599 1338 624 cum
1368 586 1530 636 egregiis

147 670 175 692 15
195 649 283 687 viris
312 662 372 688 res
402 651 484 688 est.'
540 649 774 698 intuensque
806 650 984 697 Coenon,
1011 652 1117 688 ‘cum
1138 652 1237 700 ego',
1262 650 1399 700 inquit,
1423 653 1531 690 ‘Pto-

197 715 352 753 lomaeo
383 714 647 763 Perdiccaque
679 722 716 752 et
748 714 1047 763 Hephaestione
1076 715 1282 753 comitatus
1310 715 1348 753 in
1376 716 1531 753 laevum

198 779 369 816 hostium
400 792 523 817 cornu
557 778 749 827 impetum
781 779 920 825 fecero,
960 779 1179 828 viderisque
1218 792 1282 817 me
1319 779 1359 817 in
1397 779 1530 817 medio

197 843 335 880 ardore
355 841 590 889 certaminis,
613 842 694 891 ipse
716 843 895 880 dextrum
915 855 1030 881 move
1052 851 1090 881 et
1110 843 1272 881 turbatis
1293 843 1401 893 signa
1421 843 1526 882 inser.

199 914 250 953 tu,
285 906 493 956 Antigene,
525 913 564 944 et
601 914 656 953 tu,
688 908 902 953 Leonnate,
937 914 976 945 et
1006 908 1178 953 Tauron,
1214 907 1451 945 invehemini
1490 907 1529 945 in

147 986 177 1009 ¹6
196 971 367 1010 mediam
395 971 519 1009 aciem
543 978 588 1023 'et
616 970 801 1020 urgebitis
830 971 1008 1009 frontem.
1079 972 1213 1009 hastae
1243 979 1396 1010 nostrae
1426 985 1531 1021 prae-

198 1037 338 1085 longae
369 1042 408 1073 et
440 1034 592 1072 validae
625 1048 707 1072 non
741 1034 836 1072 alias
866 1035 990 1085 magis
1029 1048 1148 1085 quam
1180 1036 1364 1074 adversus
1394 1036 1529 1074 beluas

198 1107 445 1148 rectoresque
467 1111 599 1137 earum
620 1098 707 1136 usui
724 1112 807 1137 esse
827 1106 1031 1148 poterunt:
1061 1099 1264 1137 deturbate
1285 1112 1363 1146 eos,
1381 1099 1449 1149 qui
1469 1112 1530 1138 ve-

198 1165 353 1209 huntur,
385 1171 423 1201 et
451 1162 553 1212 ipsas
583 1163 792 1201 confodite.
852 1176 996 1213 anceps
1023 1176 1147 1212 genus
1175 1163 1306 1201 auxilii
1334 1171 1392 1202 est
1421 1171 1460 1202 et
1488 1163 1528 1202 in

199 1241 289 1266 suos
312 1227 437 1265 acrius
464 1227 562 1265 furit.
622 1226 663 1265 in
686 1228 839 1265 hostem
869 1227 974 1265 enim
1003 1226 1178 1276 imperio,
1200 1227 1241 1265 in
1269 1240 1361 1265 suos
1385 1240 1528 1277 pavore

147 1313 176 1336 17
195 1291 344 1342 agitur.'
399 1292 497 1329 haec
520 1291 697 1330 elocutus
727 1291 899 1329 concitat
927 1304 1073 1340 equum
1101 1290 1265 1340 primus:
1295 1291 1463 1340 iamque,
1484 1299 1527 1330 ut

199 1356 436 1395 destinatum
457 1363 550 1402 erat,
572 1355 765 1393 invaserat
792 1355 949 1393 ordines
976 1354 1158 1402 hostium,
1181 1368 1271 1392 cum
1293 1356 1453 1394 Coenus
1473 1355 1527 1393 in-

147 1434 176 1458 18
195 1420 303 1469 genti
318 1420 355 1457 vi
371 1419 410 1457 in
430 1420 586 1457 laevum
607 1432 730 1457 cornu
749 1419 954 1457 invehitur.
986 1419 1157 1468 phalanx
1176 1432 1336 1469 quoque
1355 1419 1526 1458 mediam

200 1485 390 1523 Indorum
411 1483 535 1522 aciem
555 1496 636 1521 uno
656 1482 805 1533 impetu
825 1482 1006 1532 perrupit.
1047 1491 1086 1521 at
1108 1485 1239 1531 Porus,
1262 1496 1339 1532 qua
1354 1483 1526 1532 equitem

199 1547 332 1586 invehi
360 1555 543 1594 senserat,
574 1547 709 1585 beluas
738 1546 799 1596 agi
827 1546 955 1584 iussit:
989 1547 1057 1584 sed
1077 1548 1231 1584 tardum
1261 1555 1299 1585 et
1324 1559 1448 1596 paene
1472 1547 1527 1585 in-

148 1634 179 1658 19
197 1612 343 1651 mobile
363 1611 508 1649 animal
528 1623 719 1660 equorum
738 1610 987 1649 velocitatem
1007 1624 1175 1660 aequare
1191 1623 1270 1649 non
1283 1618 1444 1660 poterat.
1477 1623 1526 1649 ne

199 1676 425 1726 sagittarum
446 1675 606 1725 quidem
626 1675 726 1712 ullus
741 1682 821 1712 erat
835 1675 1008 1712 barbaris
1027 1688 1136 1713 usus:
1167 1674 1313 1724 quippe
1332 1675 1468 1725 longas
1487 1685 1526 1713 et

199 1752 437 1790 praegraves,
466 1738 540 1777 nisi
567 1737 672 1788 prius
695 1738 735 1776 in
761 1745 859 1776 terra
884 1746 1096 1776 statuerent
1123 1751 1268 1784 arcum,
1298 1739 1405 1776 haud
1433 1738 1525 1778 satis

200 1812 290 1854 apte
317 1812 355 1842 et
381 1803 592 1841 commode
617 1802 811 1852 inponunt
829 1816 837 1839 ε
869 1811 951 1840 tum
971 1803 1093 1840 humo
1114 1802 1260 1840 lubrica
1280 1811 1318 1840 et
1341 1803 1392 1841 ob
1412 1802 1453 1841 id
1472 1802 1527 1840 in-

201 1869 384 1918 pediente
413 1875 600 1905 conatum
628 1867 836 1905 molientes
860 1866 958 1904 ictus
987 1867 1183 1905 celeritate
1212 1866 1384 1904 hostium
1412 1880 1525 1905 occu-

147 1955 179 1971 20
199 1940 349 1982 pantur.
399 1944 490 1980 ergo
510 1939 640 1980 spreto
655 1930 753 1980 regis
769 1930 1094 1979 imperio—quod
1113 1931 1191 1968 fere
1213 1931 1264 1975 fit,
1279 1930 1345 1968 ubi
1365 1930 1525 1970 turbatis

200 1995 325 2034 acrius
350 2002 478 2033 metus
501 2007 618 2044 quam
643 1995 722 2032 dux
745 1993 936 2043 imperare
961 1993 1310 2043 coepit—totidem
1331 2002 1439 2032 erant
1458 1994 1527 2032 im-

148 2082 178 2098 ει
201 2068 406 2110 peratores‚
428 2066 523 2108 quot
543 2057 700 2107 agmina
719 2058 908 2096 errabant.
966 2057 1062 2095 alius
1093 2057 1249 2107 iungere
1270 2057 1405 2106 aciem,
1427 2058 1526 2098 alius

201 2123 385 2170 dividere,
415 2131 515 2161 stare
535 2121 695 2171 quidam
716 2129 755 2160 et
773 2121 953 2160 nonnulli
972 2121 1208 2160 circumvehi
1229 2130 1335 2170 terga
1354 2121 1525 2161 hostium

149 2210 179 2227 22
200 2188 397 2227 iubebant.
441 2185 537 2224 nihil
556 2185 596 2224 in
616 2185 791 2224 medium
811 2185 1096 2224 consulebatur.
1140 2187 1262 2223 Porus
1283 2194 1414 2224 tamen
1434 2198 1525 2224 cum

201 2252 348 2303 paucis,
369 2250 512 2301 quibus
531 2257 638 2289 metu
657 2249 787 2300 potior
806 2251 927 2288 fuerat
956 2250 1093 2300 pudor,
1115 2249 1296 2299 colligere
1317 2249 1523 2300 dispersos,
