1563 2446
237 94 570 132 JJJSTORJAR
581 94 674 131 UM
705 94 1075 131 ALEXANDRJ
1105 93 1180 139 IX,
1213 93 1248 129 8.
1367 102 1414 142 75

94 181 261 218 donatus
283 187 340 218 est
360 180 510 218 finibus.
563 179 779 217 Musicanis
800 179 943 218 deinde
965 178 1004 216 in
1032 178 1228 223 dicionem
1250 179 1416 219 redactis

92 245 177 283 urbi
197 258 331 284 eorum
353 245 588 295 praesidium
609 245 790 294 inposuit.

174 311 273 348 Inde
297 312 485 355 Praestos,
508 317 546 348 et
573 309 697 359 ipsam
726 309 865 347 Indiae
894 317 1064 359 gentem,
1086 316 1318 358 perventum
1347 316 1414 349 est.
1440 331 1467 347 ιι

94 373 321 412 Porticanus
346 388 413 412 rex
446 382 538 421 erat,
570 374 635 423 qui
666 387 706 412 se
727 374 899 412 munitae
919 373 1004 412 urbi
1024 387 1114 411 cum
1136 388 1277 424 magna
1295 388 1415 412 manu

92 438 335 488 popularium
357 438 573 477 incluserat.
606 439 707 476 hanc
720 440 942 477 Alexander
961 439 1074 477 tertio
1094 439 1169 485 die,
1192 452 1309 488 quam
1330 452 1416 477 coe-

91 510 199 551 perat
229 502 417 549 obsidere,
448 503 692 552 expugnavit.
757 511 796 541 et
825 503 1066 550 Porticanus,
1097 516 1188 540 cum
1218 503 1257 541 in
1287 516 1415 542 arcem
1439 525 1467 541 η

90 566 337 617 confugisset,
355 568 501 617 legatos
523 569 571 606 de
585 567 820 606 condicione
841 567 1052 606 deditionis
1066 568 1171 606 misit
1192 569 1242 605 ad
1262 581 1411 617 regem:

90 632 160 669 Sed
180 640 389 681 antequam
411 632 562 670 adirent
583 646 685 679 eum,
708 633 808 670 duae
829 640 949 670 turres
978 645 1067 669 cum
1090 632 1236 682 ingenti
1263 633 1412 682 fragore

90 696 345 745 prociderant,
362 710 430 746 per
449 710 612 747 quarum
628 696 757 734 ruinas
780 697 1022 735 Macedones
1036 709 1189 735 evasere
1209 696 1249 734 in
1268 709 1409 744 arcem,

89 773 167 809 qua
187 768 300 810 capta
322 761 549 799 Porticanus
569 775 659 799 cum
680 760 813 810 paucis
834 774 1053 810 repugnans
1075 760 1273 799 occiditur.

168 825 307 864 Diruta
328 825 440 875 igitur
459 839 546 863 arce
576 834 613 864 et
637 826 819 864 omnibus
845 825 1005 874 captivis
1025 825 1257 863 venundatis
1278 824 1412 864 Sambi
1435 845 1464 868 ις

87 889 185 939 regis
214 890 310 927 fines
334 889 529 939 ingressus
555 897 612 928 est
633 889 842 938 multisque
863 889 1018 938 oppidis
1038 889 1079 926 in
1098 890 1217 927 fidem
1238 889 1408 939 acceptis

87 952 365 991 validissimam
390 953 515 1003 gentis
542 954 678 991 urbem
704 953 887 991 cuniculo
917 953 1029 1003 cepit.
1088 953 1260 991 barbaris
1285 953 1410 992 simile
1432 975 1461 998 14

86 1018 247 1056 monstri
283 1019 408 1056 visum
439 1026 507 1065 est,
535 1018 695 1056 rudibus
726 1018 949 1056 militarium
983 1032 1164 1068 operum,
1198 1019 1343 1068 quippe
1367 1019 1407 1057 in

86 1082 216 1119 media
248 1083 366 1121 ferme
397 1083 491 1121 urbe
529 1083 666 1120 armati
703 1091 802 1121 terra
840 1083 1067 1130 existebant,
1107 1086 1214 1122 nullo
1253 1084 1406 1123 suffossi

85 1160 223 1196 specus
257 1155 346 1185 ante
372 1147 533 1197 vestigio
564 1148 677 1185 facto.
737 1159 851 1185 Lxxx
874 1148 980 1185 milia
1005 1149 1193 1186 Indorum
1220 1148 1259 1185 in
1286 1162 1332 1187 ea
1354 1162 1409 1187 re-
1430 1170 1458 1192 ις

83 1211 198 1261 gione
229 1225 342 1250 caesa
376 1212 595 1251 Clitarchus
622 1220 679 1250 est
709 1221 845 1250 auctor
876 1214 1101 1262 multosque
1131 1213 1306 1263 captivos
1332 1214 1404 1252 sub

83 1289 228 1314 corona
247 1277 409 1315 venisse.
479 1291 607 1315 rursus
633 1278 829 1315 Musicani
859 1279 1098 1325 defecerunt,
1131 1280 1180 1316 ad
1210 1292 1310 1328 quos
1338 1292 1404 1328 op-
1427 1293 1457 1317 16

83 1341 306 1390 primendos
332 1341 472 1379 missus
502 1350 558 1380 est
586 1342 739 1388 Pithon,
763 1342 828 1392 qui
854 1350 1012 1391 captum
1036 1342 1252 1392 principem
1277 1344 1403 1393 gentis

82 1406 331 1454 eundemque
362 1406 592 1444 defectionis
624 1414 823 1444 auctorem
854 1407 1016 1444 adduxit
1049 1408 1100 1445 ad
1123 1421 1262 1457 regem.
1322 1422 1402 1457 quo

81 1471 302 1509 Alexander
321 1471 360 1508 in
381 1484 535 1509 crucem
557 1473 710 1509 sublato
731 1485 859 1509 rursus
879 1485 1048 1519 amnem,
1070 1472 1110 1510 in
1131 1486 1208 1522 quo
1237 1474 1401 1512 classem

81 1543 284 1586 expectare
303 1549 344 1574 se
364 1535 533 1582 iusserat,
556 1537 703 1586 repetit.

163 1603 312 1650 Quarto
333 1602 476 1641 deinde
497 1603 559 1641 die
585 1604 759 1641 secundo
783 1617 898 1642 amne
921 1604 1096 1654 pervenit
1121 1606 1172 1643 ad
1199 1605 1402 1655 oppidum,
1425 1626 1454 1649 17

81 1667 189 1715 quod
210 1666 247 1703 in
269 1680 388 1716 regno
408 1666 487 1705 imo
508 1675 588 1705 erat
609 1668 751 1705 Sambi.
803 1682 926 1717 nuper
945 1682 985 1707 se
1006 1668 1068 1707 ille
1090 1669 1306 1717 dediderat,
1329 1672 1399 1709 sed

82 1729 268 1778 oppidani
289 1731 558 1769 detrectabant
578 1731 784 1781 imperium
805 1740 843 1770 et
864 1734 1082 1771 clauserant
1108 1742 1248 1783 portas
1308 1748 1403 1784 quo·
1424 1749 1451 1772 ιε

81 1807 165 1831 rum
185 1794 380 1843 paucitate
400 1803 627 1844 contempta
646 1809 711 1834 rex
726 1808 753 1833 D
770 1797 959 1846 Agrianos
975 1797 1131 1835 moenia
1147 1798 1274 1836 subire
1290 1799 1399 1837 iussit

81 1865 118 1895 et
137 1858 281 1895 sensim
300 1860 527 1897 recedentes
547 1859 686 1898 elicere
705 1868 811 1899 extra
830 1875 961 1899 muros
987 1862 1152 1908 hostem,
1175 1871 1397 1900 secuturum

80 1923 265 1970 profecto,
297 1922 328 1960 si
359 1924 488 1971 fugere
513 1936 580 1961 eos
604 1925 787 1963 crederet.
846 1926 1017 1975 Agriani,
1043 1926 1141 1964 sicut
1167 1926 1399 1976 imperatum
1423 1949 1450 1973 ις

80 1994 172 2031 erat,
205 1986 384 2023 lacessito
414 1987 525 2024 hoste
557 1988 685 2026 subito
716 1996 822 2038 terga
854 1997 1076 2028 verterunt:
1115 2003 1214 2039 quos
1245 1990 1396 2029 barbari

80 2050 198 2087 effuse
219 2058 425 2098 sequentes
448 2051 487 2087 in
516 2051 622 2097 alios,
645 2052 744 2090 inter
769 2066 868 2101 quos
891 2053 974 2102 ipse
1002 2067 1068 2091 rex
1093 2061 1182 2099 erat,
1205 2054 1392 2092 incidunt.

78 2118 263 2148 renovato
298 2123 389 2159 ergo
421 2112 569 2159 proelio
602 2126 649 2151 ex
682 2125 729 2151 111
756 2114 913 2152 milibus
936 2115 1187 2153 barbarorum
1214 2127 1268 2153 DC
1294 2115 1396 2154 caesi

79 2182 180 2220 sunt,
202 2174 306 2212 mille
327 2174 439 2223 capti,
463 2175 579 2213 ceteri
599 2177 805 2215 moenibus
825 2178 929 2216 urbis
950 2178 1096 2216 inclusi.
1157 2180 1227 2217 sed
1251 2192 1331 2217 non
1354 2187 1396 2218 ut
1417 2201 1449 2218 20

79 2237 202 2288 prima
228 2237 357 2287 specie
382 2238 483 2277 laeta
501 2238 671 2287 victoria,
694 2240 747 2278 ita
773 2249 913 2280 eventu
940 2254 1099 2292 quoque
1125 2242 1219 2281 fuit:
1249 2242 1395 2293 quippe
