1563 2446
116 117 164 154 62
549 116 595 165 Q.
637 116 750 154 cesse
758 115 823 153 Τ]
852 115 1000 153 RUFI

78 223 93 245 ⁴
113 201 253 241 Graeci
274 215 402 241 mores
422 201 692 249 exolevissent,
711 200 837 250 stirpis
853 200 1114 239 ostendebant
1129 200 1299 251 vestigia.
1347 199 1442 240 hinc

115 267 347 306 excensione
386 268 488 304 facta
525 278 574 305 cc
612 274 650 304 et
689 277 712 303 L
749 265 876 303 stadia
908 265 1073 303 excessit
1103 266 1442 315 depopulatusque

79 352 94 376 ,ς
115 331 313 381 regionem
344 331 546 380 oppidum,
569 337 686 379 caput
714 329 809 375 eius,
837 342 983 367 corona
1011 329 1124 378 cepit.
1183 341 1238 367 XL
1263 330 1440 379 peditum

117 395 223 434 milia
237 409 333 445 gens
349 396 386 433 in
404 395 485 444 ripa
502 394 707 432 fluminum
723 402 959 443 opposuerat
976 408 983 430 ε
1013 407 1114 443 quae
1129 406 1244 432 amne
1261 401 1441 443 superato

118 460 155 498 in
175 461 304 509 sugam
326 459 502 509 conpulit
522 459 772 506 inclusosque
793 458 999 496 moenibus
1019 466 1226 507 expugnat.
1275 459 1442 508 puberes

81 524 307 563 6interfecti
345 532 444 571 sunt,
487 523 604 561 ceteri
638 522 851 561 venierunt.
923 524 1084 560 alteram
1123 522 1268 561 deinde
1306 523 1441 562 urbem

117 602 336 638 expugnare
356 588 516 625 adortus
537 599 756 635 magnaque
773 586 810 623 vi
826 586 1123 624 defendentium
1144 588 1278 636 pulsus
1298 589 1442 626 multos

118 656 388 693 Macedonum
421 653 558 691 amisit.
618 653 689 690 sed
722 665 810 689 cum
844 651 883 689 in
913 651 1118 690 obsidione
1148 661 1440 701 perseverasset,

118 719 307 769 oppidani
332 719 538 767 desperata
570 718 693 755 salute
721 716 852 765 ignem
886 716 1086 754 subiecere
1111 716 1222 754 tectis
1253 730 1373 766 seque
1397 730 1443 754 ac

82 806 96 830 7
116 784 258 822 liberos
297 783 563 832 coniugesque
611 781 797 819 incendio
835 789 1019 819 cremant.
1096 782 1205 830 quod
1242 794 1332 818 cum
1371 781 1443 831 ipsi

117 856 314 899 augerent,
336 848 467 885 hostes
489 845 768 895 extinguerent,
791 858 894 883 nova
914 846 1038 883 forma
1057 858 1211 894 pugnae
1231 854 1321 883 erat.
1380 847 1445 884 de-

116 914 250 952 lebant
279 912 431 950 incolae
458 911 605 958 urbem,
631 910 765 948 hostes
792 910 1081 948 defendebant:
1111 911 1211 948 adeo
1235 910 1353 948 etiam
1380 923 1444 948 na-

82 992 97 1017 8
117 986 224 1016 turae
245 978 327 1015 iura
347 977 495 1023 bellum
516 975 555 1022 in
576 974 812 1013 contrarium
833 982 967 1012 mutat.
1025 987 1091 1012 arx
1124 982 1204 1012 erat
1232 974 1368 1024 oppidi
1391 975 1445 1013 in-

118 1052 232 1090 tacta,
265 1043 305 1080 in
339 1055 417 1091 qua
443 1040 682 1091 praesidium
711 1039 938 1089 dereliquit:
980 1039 1063 1089 ipse
1093 1039 1254 1089 navigiis
1284 1040 1444 1078 circum-

117 1117 253 1147 vectus
287 1116 345 1146 est
378 1120 518 1145 arcem.
577 1106 723 1155 quippe
757 1117 805 1143 111
838 1105 999 1142 flumina
1033 1113 1115 1142 tota
1148 1105 1264 1143 India
1296 1113 1446 1155 praeter

119 1174 284 1223 Gangen
312 1172 481 1210 maxima
503 1170 750 1208 munimento
777 1169 874 1207 arcis
901 1169 1099 1219 adplicant
1123 1170 1259 1207 undas.
1318 1183 1341 1208 a
1363 1183 1446 1220 sep-

117 1239 313 1277 tentrione
348 1238 473 1276 Indus
504 1236 639 1282 adluit,
665 1249 688 1273 a
720 1235 883 1273 meridie
917 1235 1106 1273 Acesines
1142 1235 1322 1285 Hydaspi
1356 1249 1446 1274 con-

82 1324 98 1348 9
117 1303 301 1340 funditur.
359 1310 533 1339 ceterum
562 1300 737 1338 amnium
765 1307 900 1337 coetus
920 1298 1121 1336 maritimis
1142 1298 1286 1337 similes
1306 1300 1446 1337 fluctus

119 1376 263 1412 movet,
294 1367 497 1415 multoque
526 1378 573 1403 ac
599 1364 757 1402 turbido
784 1364 890 1407 limo,
913 1365 1023 1413 quod
1042 1377 1231 1412 aquarum
1252 1377 1442 1401 concursu

121 1432 289 1470 subinde
310 1431 496 1476 turbatur,
514 1430 596 1476 iter,
619 1442 697 1478 qua
713 1438 845 1466 meant
866 1428 1028 1477 navigia,
1052 1428 1091 1464 in
1112 1436 1271 1466 tenuem
1291 1429 1444 1466 alveum

68 1517 99 1533 10
117 1495 276 1545 cogitur.
335 1494 467 1543 itaque
491 1506 582 1531 cum
606 1492 729 1530 crebri
758 1493 897 1530 fluctus
922 1505 962 1529 se
983 1491 1210 1529 inveherent
1230 1499 1268 1529 et
1288 1491 1445 1529 navium

121 1560 214 1597 hinc
246 1572 391 1609 proras,
418 1558 510 1595 hinc
540 1558 662 1595 latera
695 1558 904 1606 pulsarent,
937 1556 1155 1593 subducere
1189 1564 1330 1594 nautae
1361 1557 1447 1594 vela

121 1630 345 1673 coeperunt.
395 1623 466 1660 sed
485 1621 698 1658 ministeria
718 1634 852 1658 eorum
867 1620 958 1657 hinc
979 1628 1098 1665 metu,
1114 1619 1204 1656 hinc
1219 1619 1448 1668 praerapida

70 1711 96 1727 ιι
118 1688 314 1728 celeritate
348 1686 551 1724 fluminum
593 1694 843 1734 occupantur.
911 1684 951 1722 in
989 1684 1327 1735 oculisomnium
1366 1685 1447 1722 duo

121 1753 269 1791 maiora
298 1751 449 1801 navigia
479 1752 681 1788 submersa
710 1758 823 1787 sunt:
854 1749 1007 1794 leviora,
1030 1762 1119 1785 cum
1146 1757 1183 1787 et
1209 1749 1292 1798 ipsa
1315 1750 1447 1798 nequi-

121 1826 207 1855 rent
226 1817 316 1866 regi,
339 1816 378 1853 in
398 1815 521 1864 ripam
543 1823 675 1852 tamen
696 1813 856 1851 innoxia
875 1814 1035 1862 expulsa
1056 1821 1154 1850 sunt.
1215 1812 1296 1862 ipse
1317 1826 1384 1851 rex
1407 1813 1446 1850 in

121 1881 388 1931 rapidissimos
407 1879 570 1917 vertices
591 1878 739 1924 incidit,
762 1877 903 1926 quibus
925 1877 1067 1914 intorta
1089 1876 1196 1914 navis
1221 1877 1381 1926 obliqua
1407 1887 1446 1916 et

73 1966 100 1982 12
119 1943 371 1995 gubernaculi
392 1942 586 1992 inpatiens
606 1942 801 1991 agebatur.
861 1941 937 1978 iam
957 1949 1105 1978 vestem
1127 1941 1343 1979 detraxerat
1368 1954 1449 1980 cor-

123 2009 208 2059 pori
238 2008 479 2058 proiecturus
512 2015 636 2045 semet
669 2006 708 2043 in
735 2006 892 2052 flumen,
919 2005 1124 2054 amicique,
1153 2013 1195 2043 ut
1228 2005 1448 2055 exciperent

123 2087 226 2120 eum,
261 2073 368 2110 haud
394 2072 531 2121 procul
560 2071 717 2116 naham,
745 2070 1035 2119 adparebatque
1062 2082 1206 2118 anceps
1235 2070 1448 2118 periculum

75 2159 103 2181 13
123 2148 202 2176 tam
233 2136 412 2183 nataturi,
448 2149 569 2185 quam
606 2135 786 2184 navigare
824 2133 1114 2183 perseverantis.
1173 2146 1264 2182 ergo
1302 2133 1450 2183 ingenti

125 2201 336 2240 certamine
357 2200 556 2238 concitant
576 2212 715 2244 remos,
738 2207 961 2247 quantaque
976 2197 1032 2235 vis
1053 2198 1225 2234 humana
1240 2210 1324 2236 esse
1343 2207 1450 2247 pote-

123 2275 194 2315 rat,
214 2267 375 2304 admota
395 2273 462 2315 est,
481 2271 523 2302 ut
543 2265 695 2310 fluctus,
712 2263 779 2312 qui
799 2275 840 2303 se
861 2262 1108 2308 invehebant,
1123 2262 1447 2301 everberarentur.
