1563 2446
204 98 633 138 HISTORJARUM
669 96 1037 135 ALEXANDRJ
1077 96 1192 139 VJH,
1238 108 1293 132 10.
1368 105 1414 143 37

97 191 410 235 conceptumque
432 184 559 233 ignem
581 184 656 221 late
676 183 822 228 fudere,
845 182 975 220 donec
995 179 1128 219 onmia
1148 180 1232 217 solo
1252 187 1418 228 aequata

98 255 198 287 sunt.
270 255 308 286 et
341 260 388 285 ex
422 247 516 284 urbe
546 246 716 295 primum
750 258 893 282 canum
923 246 1093 287 latratus,
1124 242 1269 281 deinde
1299 242 1414 280 etiam
1437 264 1450 286 9

96 313 300 352 hominum
330 311 504 350 fremitus
534 311 691 349 auditus
721 318 789 348 est.
849 318 931 347 tum
964 317 1002 347 et
1033 307 1219 357 oppidani
1250 308 1414 349 hostem,

97 386 134 417 et
156 378 398 416 Macedones
420 377 470 414 ad
492 377 627 413 urbem
651 376 755 424 ipsos
776 375 928 413 venisse
950 380 1203 424 cognoscunt.
1262 371 1418 421 iamque
1442 394 1471 408 10

95 456 162 481 rex
181 443 366 481 eduxerat
397 441 529 490 copias
550 448 588 478 et
610 440 766 477 moenia
787 440 1005 484 obsidebat,
1028 451 1117 475 curn
1145 436 1327 483 hostium,
1350 435 1416 485 qui

96 506 304 545 discrimen
331 512 624 554 temptaverant,
649 504 777 542 obruti
807 504 894 542 telis
921 511 1018 541 sunt.
1079 502 1161 540 aliis
1188 515 1279 551 ergo
1310 501 1417 539 dedi-

95 571 254 617 tionem,
276 570 359 608 aliis
379 582 549 619 pugnam
572 569 735 619 experiri
756 570 954 618 placebat:
983 581 1149 617 quorum
1171 566 1416 605 dubitatione

94 644 280 685 conperta
299 635 563 673 circumsideri
582 643 733 672 tantum
751 648 817 672 eos
834 641 872 672 et
887 632 1071 671 abstineri
1087 632 1272 670 caedibus
1289 631 1415 669 iussit:

95 701 334 749 tandemque
363 699 581 738 obsidionis
610 699 720 737 malis
741 699 887 749 fatigati
911 698 1098 737 dedidere
1122 711 1173 735 se.
1232 710 1254 734 a
1276 696 1417 734 Libero
1441 717 1467 732 ιι

94 773 202 815 patre
230 765 411 804 conditos
441 778 481 803 se
511 778 596 803 esse
625 764 832 802 dicebant:
863 772 900 802 et
929 777 1019 802 vera
1047 764 1145 801 haec
1179 762 1287 811 origo
1321 770 1410 799 erat.

95 831 168 868 sita
187 838 244 869 est
265 832 336 868 sub
353 830 547 867 radicibus
568 829 725 875 montis,
743 842 860 878 quem
876 830 1014 867 Meron
1038 828 1190 866 incolae
1206 828 1413 876 appellant.
1441 847 1468 862 ιλ

95 895 186 933 inde
213 895 353 934 Graeci
379 894 595 932 mentiendi
617 903 764 933 traxere
784 894 993 940 licentiam,
1013 893 1117 931 Iovis
1139 892 1283 931 femine
1306 892 1414 929 Libe-

93 972 177 997 rum
212 968 361 1009 patrem
397 972 480 997 esse
519 960 699 997 celatum.
784 973 851 997 rex
889 959 963 996 situ
997 958 1141 996 montis
1175 957 1333 1006 cognito
1368 969 1466 1000 ex13,

94 1024 228 1062 incolis
258 1038 347 1062 cum
378 1032 461 1062 toto
482 1024 651 1062 exercitu
673 1023 894 1072 praemissis
921 1023 1208 1061 commeatibus
1229 1022 1411 1059 verticem

93 1089 174 1127 eius
203 1089 388 1127 ascendit.
449 1090 571 1126 multa
601 1089 746 1126 hedera
774 1088 940 1137 vitisque
970 1096 1052 1126 toto
1078 1087 1246 1137 gignitur
1265 1094 1411 1131 monte,

93 1155 235 1191 multae
264 1166 456 1202 perennes
485 1165 610 1201 aquae
644 1161 812 1190 manant.
887 1164 1094 1201 pomorum
1128 1163 1286 1200 quoque
1321 1149 1411 1187 varii
1436 1172 1464 1191 η

93 1218 344 1266 salubresque
383 1216 465 1254 suci
510 1225 599 1254 sunt
644 1229 712 1253 sua
758 1224 898 1265 sponte
936 1215 1179 1253 fortuitorum
1218 1213 1410 1252 seminum

93 1283 219 1331 fruges
250 1282 372 1319 humo
407 1281 614 1319 nutriente.
675 1281 770 1318 lauri
810 1281 1062 1329 baccarisque
1101 1281 1223 1317 multa
1261 1279 1301 1316 in
1339 1279 1410 1316 illis

93 1347 251 1396 rupibus
280 1347 440 1396 agrestis
470 1355 527 1385 est
556 1347 659 1384 silva.
719 1347 837 1384 credo
868 1346 1051 1395 equidem
1081 1358 1161 1383 non
1200 1344 1333 1382 divino
1363 1344 1415 1381 in·
1438 1364 1465 1386 ιε

91 1411 244 1459 stinctu‚
278 1411 347 1448 sed
374 1410 530 1448 lascivia
561 1423 645 1448 esse
674 1417 892 1460 provectos,
924 1417 965 1447 ut
993 1409 1139 1458 passim
1168 1409 1337 1447 hederae
1364 1422 1410 1446 ac

90 1474 228 1512 vitium
261 1473 353 1512 folia
386 1474 639 1522 decerperent
672 1473 921 1523 redimitique
954 1474 1092 1511 fronde
1134 1481 1218 1510 toto
1252 1485 1412 1510 nemore

91 1538 234 1577 similes
263 1538 544 1577 bacchantibus
574 1547 813 1588 vagarentur.
871 1539 1035 1577 vocibus
1061 1551 1152 1588 ergo
1181 1546 1238 1575 tot
1265 1537 1412 1574 milium
1437 1552 1465 1574 ff,

91 1603 310 1653 praesidem
338 1602 508 1641 nemoris
538 1603 620 1641 eius
650 1604 768 1641 deum
797 1603 1043 1641 adorantium
1064 1602 1153 1652 iuga
1172 1601 1316 1639 montis
1336 1602 1412 1639 col-

90 1669 225 1717 lesque
252 1667 498 1713 resonabant,
520 1679 610 1704 cum
639 1675 722 1705 orta
748 1666 905 1705 licentia
924 1680 947 1704 a
966 1667 1114 1716 paucis,
1135 1673 1177 1703 ut
1198 1667 1276 1703 fere
1296 1666 1349 1711 fit,
1371 1665 1410 1702 in

92 1746 227 1770 onmes
259 1746 300 1770 se
331 1740 489 1780 repente
519 1732 724 1780 vulgasset.
784 1731 930 1780 quippe
954 1732 1056 1769 velut
1087 1730 1126 1768 in
1158 1730 1287 1768 media
1317 1743 1412 1779 pace
1436 1752 1463 1774 17

91 1811 160 1847 per
191 1798 330 1835 herbas
363 1797 644 1846 adgestamque
675 1797 854 1835 frondem
880 1803 1121 1845 prostravere
1141 1807 1314 1843 corpora.
1372 1803 1410 1832 et

92 1873 158 1898 rex
178 1860 375 1898 fortuitam
396 1860 581 1897 laetitiam
609 1873 689 1898 non
715 1868 914 1898 aversatus
935 1861 1039 1908 large
1061 1860 1111 1896 ad
1132 1859 1267 1907 epulas
1288 1858 1409 1895 omni-

91 1925 163 1962 bus
182 1924 366 1973 praebitis
386 1938 453 1973 per
473 1938 497 1961 x
518 1925 600 1962 dies
623 1924 763 1962 Libero
784 1924 882 1973 patri
899 1932 1102 1973 operatum
1119 1922 1254 1960 habuit
1267 1922 1408 1960 exerci-

91 1996 184 2026 tum.
243 1989 328 2037 quis
354 1999 469 2038 neget
496 1989 677 2027 eximiam
698 2002 853 2039 quoque
873 1989 1042 2044 gloriam·
1057 1988 1211 2037 saepius
1231 1989 1408 2025 fortunae
1432 2002 1460 2024 IS

91 2066 210 2102 quarn
229 2054 377 2092 virtutis
398 2068 481 2092 esse
501 2055 760 2093 beneficium?
787 2054 932 2103 quippe
953 2067 1002 2092 ne
1023 2054 1226 2102 epulantes
1247 2052 1406 2101 quidem

91 2126 130 2155 et
161 2118 308 2166 sopitos
337 2131 444 2156 mero
475 2119 636 2168 adgredi
667 2132 782 2156 ausus
816 2127 871 2156 est
902 2118 1035 2164 hostis,
1057 2118 1162 2155 haud
1190 2130 1301 2155 secus
1320 2117 1408 2153 bac-

91 2181 290 2219 chantium
310 2183 619 2232 ululantiumque
646 2184 798 2221 fremitu
825 2183 1058 2232 perterritus,
1082 2194 1198 2230 quam
1220 2181 1250 2218 si
1272 2180 1409 2229 proeli—

91 2245 240 2290 antium
274 2247 419 2285 clamor
452 2255 553 2286 esset
585 2247 750 2285 auditus.
811 2248 949 2286 eadem
980 2238 1141 2285 felicitas
1173 2246 1222 2283 ab
1254 2257 1408 2283 oceano
