1563 2446
147 103 195 138 82
577 101 621 149 Q.
661 101 846 139 CURTJ
877 101 1030 139 RUFI

96 210 124 233 ι)
145 189 285 227 milites
305 188 435 238 quiete
456 189 634 226 firmaret.
694 187 756 225 hic
790 188 984 226 Leonnati
1017 188 1162 227 litteras
1194 190 1346 240 accepit
1377 203 1466 228 con-

147 253 285 291 flixisse
317 253 442 302 ipsum
476 266 565 291 cum
598 265 672 290 virt
707 253 862 290 milibus
895 253 1069 302 peditum
1103 262 1141 292 et
1170 267 1243 293 ccc
1272 254 1467 303 equitibus

148 318 342 357 Oritarum
364 330 550 366 prospero
571 325 722 355 eventu.
781 330 804 354 a
825 319 984 356 Cratero
1005 331 1164 367 quoque
1186 318 1342 356 nuntius
1362 319 1467 357 venit

148 383 299 422 Ozinen
331 390 368 420 et
400 382 619 431 Zariaspen,
642 381 782 419 nobilis
805 383 951 428 Persas,
973 382 1233 420 desectionem
1262 381 1468 420 molientes

93 469 124 484 ω
144 459 350 495 oppressos
380 459 403 483 a
433 459 473 484 se
504 445 543 482 in
574 445 738 483 vinculis
771 459 864 483 csse.
924 445 1146 494 praeposito
1178 446 1292 495 igitur
1320 446 1466 496 regioni

149 510 541 559 Sibyrtio—namque
564 511 730 555 Menon,
753 511 971 558 praefectus
1001 509 1095 555 eius,
1118 522 1243 559 nuper
1272 510 1467 549 interierat

94 599 121 614 ἐι
145 575 375 614 morbo—in
407 574 654 613 Carmaniam
685 574 767 623 ipse
788 574 986 623 processit.
1044 576 1232 623 Aspastes
1253 584 1333 613 erat
1354 583 1469 613 satra-

147 655 215 691 pes
246 640 384 690 gentis,
407 648 609 689 suspectus
641 652 700 676 res
726 652 868 676 novare
890 638 1069 685 voluisse,
1092 640 1184 677 dum
1207 639 1245 676 in
1269 639 1383 677 India
1403 652 1468 676 rex

93 728 122 742 «κ
144 714 211 743 est.
266 718 381 754 quem
413 711 681 741 occurrentem
713 702 953 740 dissimulata
982 702 1036 740 ira
1063 703 1225 741 comiter
1249 703 1467 747 adlocutus,

146 772 240 808 dum
263 771 490 818 exploraret,
513 782 612 817 quae
633 769 763 805 delata
782 775 902 814 erant,
925 767 965 804 in
986 767 1126 805 eodem
1155 768 1300 805 honore
1321 767 1466 805 habuit.

146 849 234 873 cum
265 835 356 872 inde
388 833 582 883 praefecti,
607 833 705 871 sicut
738 832 971 881 imperatum
992 839 1082 878 erat,
1106 844 1301 881 equorum
1322 831 1470 869 iumen-

147 910 351 948 torumque
373 898 555 947 iugalium
573 898 650 935 vim
672 897 872 947 ingentem
893 910 940 934 ex
960 897 1077 943 omni,
1097 910 1196 946 quae
1217 897 1288 934 sub
1308 896 1470 945 imperio

147 972 237 1010 erat,
270 963 427 1012 regione
457 962 664 1008 misissent,
698 962 838 1012 quibus
865 962 1027 1000 deerant
1060 960 1340 1010 inpedimenta,
1367 961 1472 998 resti-

94 1051 124 1073 23
145 1029 226 1067 tuit.
266 1041 373 1065 arma
394 1040 549 1076 quoque
570 1027 620 1064 ad
641 1026 845 1076 pristinum
866 1026 1010 1063 refecta
1029 1034 1118 1063 sunt
1138 1026 1303 1064 cultum:
1325 1024 1471 1074 quippe

148 1094 253 1131 haud
274 1094 411 1142 procul
432 1105 455 1129 a
477 1092 636 1129 Perside
656 1091 827 1136 aberant,
851 1103 931 1128 non
952 1098 1091 1139 pacata
1108 1090 1239 1135 modo,
1262 1090 1331 1127 sed
1353 1088 1468 1127 etiam

94 1181 123 1202 24
145 1158 340 1207 opulenta.
377 1156 501 1206 igitur,
519 1163 561 1193 ut
583 1168 698 1204 supra
714 1155 862 1193 dietum
883 1162 950 1200 est,
969 1155 1186 1192 aemulatus
1207 1153 1325 1202 patris
1343 1152 1470 1191 Liberi

146 1235 226 1259 non
246 1220 409 1270 gloriam
430 1221 567 1264 solum,
592 1232 709 1268 quam
731 1232 778 1256 ex
800 1218 872 1255 illis
892 1217 1074 1267 gentibus
1095 1218 1379 1266 deportaverat,
1401 1218 1470 1255 sed

149 1285 265 1323 etiam
294 1286 449 1329 famam,
472 1284 552 1322 sive
582 1283 679 1321 illud
709 1283 928 1331 triumphus
949 1281 1019 1319 fuit
1039 1281 1088 1319 ab
1110 1294 1157 1319 eo
1179 1281 1347 1330 primum
1368 1280 1471 1318 insti-

148 1358 263 1395 tutus,
285 1349 365 1387 sive
396 1347 674 1386 bacchantium
705 1348 824 1392 lusus,
847 1346 980 1384 statuit
1012 1345 1164 1392 imitari,
1192 1347 1324 1384 animo
1356 1358 1472 1395 super

94 1437 124 1458 25
145 1417 359 1452 humanum
381 1413 574 1461 fastigium
596 1413 708 1450 elato.
758 1411 877 1458 vicos,
899 1424 969 1460 per
989 1423 1087 1459 quos
1109 1411 1179 1448 iter
1199 1419 1289 1457 erat,
1313 1411 1471 1450 floribus

148 1479 379 1527 coronisque
410 1477 527 1515 sterni
558 1477 674 1523 iubet,
697 1476 898 1513 liminibus
927 1475 1085 1513 aedium
1116 1482 1284 1513 crateras
1306 1474 1397 1513 vino
1417 1488 1471 1513 re-

150 1545 274 1593 pletas
304 1551 343 1580 et
372 1543 448 1579 alia
479 1541 644 1579 eximiae
676 1539 956 1590 magnitudinis
976 1552 1066 1577 vasa
1087 1539 1261 1588 disponi:
1293 1541 1472 1579 vehicula

149 1607 294 1646 deinde
323 1614 530 1650 constrata,
552 1613 593 1642 ut
621 1606 749 1654 plures
776 1617 914 1653 capere
935 1604 1077 1641 milites
1098 1612 1268 1652 possent,
1290 1604 1330 1642 in
1352 1607 1472 1644 taber-

148 1673 374 1710 naculorum
406 1671 569 1708 modum
591 1669 727 1715 ornari,
750 1669 824 1706 alia
844 1668 1021 1706 candidis
1042 1668 1147 1715 velis,
1169 1669 1244 1706 alia
1264 1677 1370 1707 veste
1390 1682 1471 1719 pre-

98 1752 129 1774 25
149 1737 258 1775 tiosa.
316 1735 430 1785 primi
462 1735 570 1772 ibant
601 1734 717 1772 amici
751 1742 790 1772 et
824 1734 963 1771 cohors
996 1734 1111 1783 regia,
1145 1733 1258 1772 variis
1291 1734 1472 1773 redimita

150 1801 308 1839 floribus
328 1799 581 1848 coronisque:
611 1798 702 1836 alibi
723 1798 927 1836 tibicinum
949 1808 1096 1845 cantus,
1119 1798 1210 1837 alibi
1230 1800 1333 1848 lyrae
1353 1813 1472 1839 sonus

150 1864 396 1902 audiebatur:
429 1863 521 1900 item
553 1864 593 1899 in
623 1861 811 1900 vehiculis
842 1874 912 1911 pro
945 1861 1059 1911 copia
1092 1861 1279 1911 cuiusque
1311 1864 1474 1901 adorna-

151 1929 199 1966 tis
227 1926 552 1965 comissabundus
586 1925 787 1972 exercitus,
814 1925 942 1973 armis,
979 1939 1079 1975 quae
1123 1926 1290 1964 maxime
1331 1928 1474 1967 decora

152 2001 271 2039 erant,
293 1990 714 2040 circumpendentibus.
774 1990 900 2040 ipsum
928 1990 1190 2040 convivasque
1210 2004 1342 2030 currus
1361 1993 1473 2031 vehe-

153 2057 219 2095 bat
249 2054 405 2093 crateris
432 2054 558 2092 aureis
590 2053 844 2103 eiusdemque
875 2054 1059 2092 materiae
1080 2054 1303 2103 ingentibus
1322 2056 1472 2105 poculis

100 2141 130 2164 27
152 2118 379 2170 praegravis.
439 2119 514 2157 hoe
544 2119 665 2156 modo
691 2131 760 2167 per
789 2118 873 2155 dies
903 2129 960 2155 vu
983 2118 1312 2156 bacchabundum
1332 2131 1471 2168 agmen

156 2182 322 2225 incessit,
345 2189 478 2231 parata
498 2181 654 2230 praeda,
679 2181 706 2217 si
729 2180 825 2229 qaid
847 2179 955 2218 victis
977 2181 1112 2218 saltem
1133 2181 1317 2219 adversus
1338 2181 1473 2220 comis-
