1563 2446
195 129 246 167 50
629 116 673 165 Q.
711 115 903 156 CURTJ
932 117 972 154 R
985 117 1088 155 ΠΗ

194 205 398 244 confossus
427 203 693 254 deficiensque
723 203 931 254 procubuit
959 199 1088 254 posito
1118 205 1241 256 magis
1270 219 1371 257 rege,
1401 220 1516 258 quam

195 270 327 307 effuso.
387 269 518 318 itaque
557 269 652 307 dum
685 282 830 317 equum
870 277 1006 315 mutat,
1042 269 1188 307 tardius
1220 270 1417 310 insecutus
1448 279 1516 310 est.

140 353 171 378 35
191 332 345 372 interim
376 334 490 371 frater
518 333 675 378 Taxilis,
703 332 802 381 regis
833 333 1035 380 Indorum,
1064 333 1297 382 praemissus
1325 336 1375 373 ab
1403 336 1520 374 Alex-

193 398 316 436 andro
337 411 497 435 monere
518 397 647 446 coepit
670 398 824 443 Porum,
848 409 897 434 ne
918 396 1054 434 ultima
1074 397 1237 446 experiri
1257 406 1519 447 perseveraret

139 474 170 504 35
189 461 428 511 dederetque
457 474 498 499 se
527 460 672 498 victori.
731 469 769 498 at
799 461 872 508 ille,
901 474 1141 510 quamquam
1171 462 1382 501 exhaustae
1411 471 1519 501 erant

192 525 303 572 vires,
333 524 619 574 deficiebatque
645 525 811 574 sanguis,
830 533 958 563 tamen
988 526 1037 563 ad
1058 534 1192 563 notam
1219 539 1357 565 vocem
1381 526 1520 566 excita·

191 597 264 636 tus,
298 590 540 639 ‘adgnosco’‚
573 589 708 638 inquit,
753 589 916 627 ‘Taxilis
946 591 1113 634 fratrem,
1144 590 1295 640 imperii
1332 591 1518 641 regnique

192 653 250 691 sui
288 653 523 703 proditoris’:
554 661 592 691 et
621 654 754 699 telum,
785 653 894 702 quod
923 666 1045 690 unum
1075 654 1173 691 forte
1202 667 1282 692 non
1307 656 1517 703 effluxerat,

190 719 377 758 contorsit
424 719 464 756 in
503 732 616 758 eum:
665 719 772 768 quod
810 731 878 767 per
916 719 1091 756 medium
1130 728 1266 768 pectus
1303 720 1518 769 penetravit

139 806 169 830 37
189 787 240 824 ad
277 794 438 835 tergum.
497 786 574 823 hoc
604 785 743 823 ultimo
772 784 920 823 virtutis
950 798 1067 835 opere
1097 785 1204 824 edito
1232 788 1364 836 fugere
1393 787 1519 825 acrius

191 850 340 900 coepit:
388 850 458 888 sed
487 851 718 899 elephantus
747 863 918 899 quoque,
950 850 1015 899 qui
1045 851 1168 888 multa
1197 859 1400 900 exceperat
1428 852 1517 897 tela,

190 915 406 953 deficiebat.
479 914 611 964 itaque
641 914 738 953 sistit
767 915 897 964 fugam
927 914 1180 963 peditemque
1210 915 1387 964 sequenti
1415 915 1518 954 hosti

137 992 168 1024 38
189 979 341 1018 obiecit.
401 979 476 1017 iam
508 980 732 1023 Alexander
760 987 995 1017 consecutus
1024 986 1104 1017 erat
1128 986 1166 1017 et
1194 979 1407 1028 pertinacia
1430 980 1518 1018 Pori

191 1044 349 1093 cognita
379 1045 536 1082 vetabat
574 1043 844 1082 resistentibus
883 1043 1000 1092 parci.
1059 1057 1150 1094 ergo
1190 1043 1364 1093 undique
1402 1050 1441 1082 et
1478 1044 1518 1082 in

189 1108 342 1158 pedites
368 1116 406 1146 et
426 1108 466 1146 in
487 1108 615 1158 ipsum
638 1110 782 1146 Porum
807 1109 885 1146 tela
905 1116 1092 1157 congesta
1113 1115 1221 1146 sunt:
1252 1108 1337 1158 quis
1358 1109 1518 1147 tandem

136 1193 167 1218 39
186 1181 366 1223 gravatus
379 1173 457 1211 labi
471 1187 517 1211 ex
531 1174 647 1211 belua
661 1172 802 1222 coepit.
837 1173 972 1218 Indus,
992 1172 1059 1221 qui
1074 1173 1325 1222 elephantum
1347 1173 1515 1223 regebat,

189 1238 428 1276 descendere
455 1250 543 1275 eum
569 1246 673 1275 ratus
699 1250 806 1275 more
837 1237 952 1275 solito
982 1237 1233 1286 elephantum
1262 1239 1519 1286 procumbere

189 1302 299 1340 iussit
318 1302 358 1340 in
378 1316 522 1353 genua:
553 1302 619 1351 qui
647 1310 688 1340 ut
708 1316 748 1341 se
769 1301 958 1349 submisit,
983 1301 1099 1340 ceteri
1120 1302 1387 1351 quoque—ita
1413 1302 1517 1340 enim

189 1367 353 1405 instituti
370 1366 724 1406 erant—demisere
741 1379 905 1415 corpora
925 1365 964 1403 in
982 1373 1132 1403 terram.
1179 1378 1225 1403 ea
1240 1379 1300 1404 res
1314 1373 1351 1404 et
1373 1367 1516 1404 Porum

136 1453 168 1474 40
187 1439 235 1469 et·
263 1440 413 1470 ceteros
453 1431 663 1469 victoribus
701 1431 870 1468 tradidit.
939 1444 1005 1468 rex
1042 1430 1197 1480 spoliari
1235 1443 1376 1480 corpus
1415 1431 1516 1477 Pori,

188 1495 465 1544 interemptum
487 1508 571 1533 esse
592 1495 766 1540 credens,
789 1494 908 1540 iubet,
931 1502 978 1541 et,
1002 1494 1069 1543 qui
1091 1494 1337 1532 detraherent
1357 1493 1517 1532 loricam

188 1569 429 1608 vestemque,
452 1572 700 1597 concurrere:
731 1572 821 1596 cum
853 1559 968 1596 belua
991 1558 1196 1596 dominum
1223 1558 1320 1596 tueri
1347 1565 1385 1597 et
1405 1558 1518 1608 spoli-

189 1632 298 1662 antes
327 1623 457 1673 coepit
485 1624 668 1673 adpetere
697 1624 946 1671 levatumque
969 1635 1108 1671 corpus
1135 1621 1216 1660 eius
1245 1635 1373 1660 rursus
1399 1623 1517 1660 dorso

190 1702 261 1727 suo
288 1689 486 1738 inponere.
546 1701 637 1738 ergo
666 1687 750 1726 telis
777 1687 952 1736 undique
979 1686 1164 1732 obruitur,
1186 1687 1449 1735 confossoque
1468 1699 1516 1724 eo

137 1775 166 1797 ,μ
190 1754 228 1791 in
254 1754 478 1792 vehiculum
507 1755 629 1791 Porus
656 1751 864 1801 inponitur.
925 1765 1043 1800 quem
1068 1764 1134 1788 rex
1160 1759 1202 1788 ut
1221 1750 1317 1788 vidit
1337 1751 1517 1788 adlevan-

189 1825 268 1855 tem
298 1818 445 1863 oculos,
485 1830 565 1854 non
595 1816 700 1862 odio,
734 1816 803 1853 sed
833 1815 1081 1853 miseratione
1120 1822 1354 1860 commotus,
1385 1819 1513 1863 ‘quae‚

190 1883 364 1928 malum',
386 1881 523 1929 inquit,
555 1879 743 1918 ‘amentia
772 1888 809 1917 te
839 1879 968 1928 coegit
997 1891 1124 1916 rerum
1155 1891 1330 1915 mearum
1359 1878 1516 1928 cognita

190 1947 293 1983 sama
323 1945 413 1983 belli
444 1946 639 1983 fortunam
665 1944 840 1993 experiri,
865 1957 956 1981 cum
985 1942 1130 1980 Taxilis
1160 1951 1262 1980 esset
1291 1942 1328 1979 in
1360 1943 1516 1982 deditos

136 2031 166 2053 42
186 2008 418 2047 clementiae
447 2021 558 2046 meae
579 2016 658 2045 tam
685 2007 947 2057 propinquum
977 2006 1045 2044 tibi
1069 2006 1325 2055 exemplum?
1381 2006 1514 2054 atille,

192 2074 422 2124 ‘quoniam’,
467 2073 604 2122 inquit,
646 2072 912 2122 ‘percontaris‚
954 2072 1203 2121 respondebo
1241 2084 1287 2108 ea
1325 2071 1514 2116 libertate,

189 2152 308 2188 quam
328 2138 603 2188 interrogando
616 2137 750 2176 fecisti.
809 2137 1006 2175 neminem
1023 2149 1085 2174 me
1106 2135 1303 2174 fortiorem
1325 2149 1409 2175 esse
1428 2149 1516 2176 cen-

189 2203 335 2241 sebam.
393 2214 501 2240 meas
524 2201 629 2239 enim
656 2214 841 2239 noveram
870 2200 980 2247 vires,
1003 2201 1182 2238 nondum
1208 2208 1388 2249 expertus
1409 2207 1513 2238 tuas:

188 2267 386 2305 fortiorem
407 2279 491 2304 esse
515 2274 552 2304 te
583 2265 673 2304 belli
704 2265 838 2304 docuit
868 2273 1038 2304 eventus.
1099 2265 1169 2303 sed
1197 2278 1247 2303 ne
1276 2265 1330 2303 sic
1355 2264 1514 2314 quidem
