1563 2446
221 102 553 141 HISTORJAR
563 104 654 141 (JM
690 104 1055 142 ALEXAADRJ
1086 107 1162 151 lx,
1201 120 1254 143 10.
1347 108 1391 146 81

75 189 220 227 duratis
251 196 289 226 et
319 189 506 227 maiorum
539 203 697 240 quoque
729 191 944 237 beluarum,
972 204 1069 240 quas
1100 192 1239 229 fluctus
1271 192 1394 236 eiecit,

73 267 187 292 carne
220 261 439 291 vescuntur.
499 253 744 303 consumptis
778 253 893 303 igitur
926 254 1121 292 alimentis
1155 257 1397 293 Macedones
1422 278 1446 294 ιι

72 317 197 367 primo
213 317 396 367 inopiam,
414 318 558 357 deinde
575 319 625 356 ad
646 319 824 355 ultimum
843 319 984 356 samem
1007 319 1148 357 sentire
1169 329 1393 369 coeperunt,

71 381 221 420 radices
251 383 479 431 palmarum,
502 396 672 432 namque
704 384 787 421 sola
818 396 864 421 ea
893 383 1008 421 arbor
1037 383 1217 433 gignitur,
1252 383 1394 432 ubique

70 445 262 484 rimantes.
322 447 390 484 sed
420 459 510 483 cum
549 448 645 484 haec
675 460 834 496 quoque
863 447 1050 485 alimenta
1080 449 1314 494 defecerant,
1346 447 1397 485 iu·
1422 470 1448 485 ιε

70 515 202 545 menta
230 508 395 545 caedere
426 508 600 557 adgressi
636 521 685 546 ne
720 508 830 557 equis
866 509 1026 557 quidem
1061 509 1326 547 abstinebant:
1358 518 1394 547 et

69 584 158 609 cum
191 573 383 619 deessent,
405 585 508 621 quae
540 572 710 611 sarcinas
743 573 939 619 veherent,
963 573 1088 622 spolia
1122 574 1171 611 de
1203 573 1391 620 hostibus,

69 644 226 685 propter
243 649 342 685 quae
373 637 510 674 ultima
541 636 712 675 Orientis
743 645 1054 686 peragraverant,
1083 638 1310 675 cremabant
1340 637 1394 674 in-

68 698 220 736 cendio.
278 700 420 737 famem
442 699 586 736 deinde
607 699 830 748 pestilentia
847 707 978 737 secuta
999 708 1069 745 est,
1092 701 1237 750 quippe
1258 701 1393 739 insalu—
1419 723 1445 743 η

68 764 194 801 brium
221 764 395 802 ciborum
424 764 516 802 novi
543 765 638 810 suci,
661 765 711 802 ad
734 765 809 802 hoc
830 763 976 801 itineris
997 765 1109 802 labor
1129 773 1167 802 et
1187 766 1392 814 aegritudo

65 829 186 867 animi
216 831 465 880 vulgaverant
497 831 668 876 morbos,
698 837 735 867 et
768 843 841 867 nec
873 842 1030 867 manere
1062 829 1145 867 sine
1175 831 1288 867 clade
1319 843 1390 868 nec

66 894 245 943 progredi
274 903 471 944 poterant.-
501 904 704 932 manentes
734 896 866 940 fames,
901 907 1124 943 progressos
1155 894 1280 932 acrior
1308 908 1391 944 pes-

66 957 214 995 tilentia
248 960 419 1007 urgebat.
479 972 570 1008 ergo
605 958 713 996 strati
745 966 854 996 erant
885 957 1014 1006 campi
1052 971 1177 1006 paene
1218 958 1390 1007 pluribus
1416 980 1443 1002 1⁴

65 1023 259 1061 semivivis
293 1036 411 1072 quam
446 1024 713 1062 cadaveribus.
773 1036 820 1060 ac
853 1036 903 1060 ne
938 1023 1060 1060 levius
1095 1022 1255 1072 quidem
1287 1024 1389 1073 aegri

64 1087 174 1136 sequi
194 1095 396 1137 poterant:
428 1088 576 1138 quippe
605 1102 746 1138 agmen
773 1088 914 1138 raptim
936 1089 1124 1138 agebatur
1145 1095 1295 1125 tantum
1317 1088 1389 1126 sin-

62 1151 162 1198 gulis
191 1153 241 1190 ad
271 1166 380 1201 spem
411 1153 541 1191 salutis
572 1153 677 1202 ipsos
708 1155 896 1202 proficere
917 1152 1177 1199 credentibus,
1200 1161 1386 1202 quantum

64 1216 208 1253 itineris
228 1216 451 1254 festinando
474 1217 751 1266 praeciperent.
798 1217 912 1266 igitur
932 1217 998 1266 qui
1019 1218 1253 1263 defecerant,
1276 1225 1389 1255 notos
1414 1238 1440 1260 15

63 1279 308 1329 ignotosque,
329 1288 372 1318 ut
393 1282 672 1328 adlevarcnter,
695 1282 878 1320 orabant:
900 1283 970 1320 sed
992 1295 1063 1319 nec
1079 1281 1251 1319 iumenta
1268 1290 1386 1322 erant,

62 1343 201 1391 quibus
221 1343 347 1392 excipi
376 1352 547 1392 possent,
570 1354 608 1382 et
629 1344 740 1382 miles
760 1345 824 1382 vix
844 1358 950 1382 arma
970 1345 1161 1394 portabat,
1184 1344 1385 1382 imminen-

62 1406 187 1456 tisque
217 1415 256 1445 et
286 1407 378 1456 ipsis
410 1407 527 1446 facies
559 1408 649 1446 mali
680 1417 771 1446 ante
803 1410 939 1447 oculos
971 1417 1061 1446 erat.
1122 1422 1213 1458 ergo
1233 1409 1385 1458 saepius

61 1471 232 1509 revocati
257 1485 306 1509 ne
330 1472 520 1521 respicere
547 1473 707 1522 quidem
733 1487 824 1511 suos
852 1474 1095 1512 sustinebant
1122 1473 1384 1511 misericordia

61 1536 100 1573 in
119 1536 366 1575 formidinem
388 1551 508 1575 versa.
567 1537 620 1575 illi
646 1537 769 1575 relicti
801 1539 897 1576 deos
929 1545 1047 1575 testes
1078 1545 1116 1574 et
1147 1550 1255 1574 sacra
1285 1551 1386 1575 com-
1411 1551 1438 1575 16

61 1597 192 1636 munia
222 1598 399 1647 regisque
429 1599 679 1648 inplorabant
710 1612 845 1648 opem:
877 1612 1046 1648 cumque
1081 1600 1217 1636 frustra
1251 1601 1384 1637 surdas

59 1675 171 1699 aures
199 1662 415 1712 fatigarent,
446 1663 486 1700 in
515 1663 664 1701 rabiem
699 1663 971 1712 desperatione
1004 1676 1114 1700 versa
1147 1676 1277 1712 parem
1314 1676 1384 1701 suo

59 1725 203 1763 exitum
225 1726 447 1776 similesque
468 1726 560 1776 ipsis
581 1727 727 1765 amicos
744 1735 781 1765 et
797 1728 1096 1764 contubernales
1113 1728 1380 1775 precabantur.

59 1802 125 1826 rex
151 1789 285 1827 dolore
310 1789 424 1826 simul
451 1803 497 1827 ac
524 1790 674 1839 pudore
694 1789 842 1835 anxius,
865 1789 957 1838 quia
977 1802 1093 1826 causa
1114 1797 1243 1826 tantae
1264 1789 1386 1827 cladis
1413 1812 1438 1834 ψ

59 1853 140 1902 ipse
159 1861 273 1899 esset,
294 1854 344 1891 ad
367 1855 699 1903 Phrataphernen‚
724 1855 1025 1903 Parthyaeorum
1053 1861 1244 1901 satrapen,
1267 1853 1380 1899 misit,

59 1916 126 1966 qui
155 1916 304 1955 iuberet
333 1918 491 1955 camelis
520 1926 634 1956 cocta
662 1917 806 1956 cibaria
835 1917 986 1963 adferri,
1009 1917 1185 1966 aliosque
1205 1916 1382 1954 finitima<

58 1995 142 2019 rum
173 1981 375 2030 regionum
406 1983 622 2031 praefectos
656 1983 839 2020 certiores
873 1981 1115 2019 necessitatis
1149 1994 1241 2019 suae
1276 1981 1378 2018 fecit.

58 2058 130 2083 nec
161 2052 356 2083 cessatum
387 2054 444 2083 est
463 2047 513 2084 ab
534 2046 603 2083 his.
663 2046 795 2095 itaque
816 2047 917 2083 fame
938 2046 1142 2083 dumtaxat
1163 2044 1381 2082 vindicatus
1403 2058 1430 2080 ιζ

57 2109 245 2156 exercitus
276 2109 435 2147 tandem
467 2109 506 2146 in
538 2109 752 2148 Cedrosiae
782 2111 878 2147 fines
905 2109 1140 2158 perducitur.
1202 2108 1374 2146 omnium

54 2187 181 2213 rerum
203 2175 285 2211 sola
305 2173 436 2212 fertilis
459 2174 563 2223 regio
586 2182 653 2222 est,
678 2174 718 2213 in
737 2188 813 2224 qua
836 2175 976 2213 stativa
998 2174 1144 2220 habuit,
1163 2181 1204 2211 ut
1220 2181 1380 2212 vexatos

165 2247 201 2276 c.
1267 2238 1290 2273 6
