1563 2446
117 100 162 137 74
544 90 589 140 Q.
628 91 818 131 CURTJ
848 94 1002 132 RUFI

69 175 94 213 8
196 175 385 214 Indorum
419 175 534 226 legati
561 176 709 215 dimissi
738 178 879 216 domos
908 178 1041 227 paucis
1071 186 1158 228 post
1187 178 1325 218 diebus
1348 192 1436 218 curn

114 239 228 279 donis
265 249 516 279 revertuntur.
576 254 649 280 ccc
682 251 791 282 erant
819 244 981 293 equites,
1014 256 1136 282 Mxxx
1165 258 1308 292 currus,
1339 258 1438 294 quos

113 304 332 354 quadriiugi
362 305 452 355 equi
491 307 699 354 ducebant,
735 308 859 347 lineae
897 309 1014 347 vestis
1044 309 1308 359 aliquantum;
1333 310 1438 348 mille

83 391 97 406 2
118 377 227 407 scuta
249 369 387 407 Indica
407 378 445 408 et
467 370 553 408 ferri
574 371 733 409 candidi
755 374 901 410 talenta
921 384 943 411 C
964 374 1174 422 leonesque
1204 387 1309 412 rarae
1336 386 1439 423 mag-

116 433 303 472 nitudinis
341 442 380 473 et
417 435 543 484 tigres,
579 443 787 485 utrumque
825 437 969 475 animal
1006 439 1057 476 ad
1095 438 1438 477 mansuetudinem

116 498 320 545 domitum,
336 500 564 538 lacertarum
582 513 741 549 quoque
758 501 973 550 ingentium
995 504 1115 552 pelles
1135 511 1174 541 et
1195 504 1310 541 dorsa
1323 510 1440 540 testu-

85 584 99 606 3
120 563 267 600 dinum.
327 564 487 602 Cratero
507 563 651 602 deinde
667 564 830 613 imperat
853 579 929 611 rex,
943 566 1049 604 haud
1070 568 1203 615 procul
1224 580 1351 613 amne,
1372 580 1440 616 per

116 640 234 675 quem
254 634 334 665 erat
354 627 435 676 ipse
466 628 724 677 navigaturus,
746 629 879 678 copias
906 630 1083 668 duceret:
1113 644 1181 668 eos
1208 639 1350 677 autem,
1373 631 1439 679 qui

117 690 295 729 comitari
316 704 407 729 eum
428 692 618 739 solebant,
637 691 789 742 inponit
810 692 850 730 in
871 706 988 732 naves
1009 701 1047 732 et
1063 693 1101 731 in
1116 695 1211 732 fines
1229 695 1439 732 Mallorum

117 757 292 794 secundo
312 770 427 795 amne
448 757 661 795 devehitur.

86 842 100 864 ⁴
202 821 302 859 Inde
323 821 508 859 Sabarcas
528 820 633 868 adiit,
648 821 816 860 validam
839 822 976 861 Indiae
995 830 1163 873 gentem,
1178 835 1278 872 quae
1293 822 1439 872 populi,

119 899 197 923 non
218 898 351 935 regum
373 885 535 934 imperio
556 886 767 935 regebatur.
827 899 881 925 Lx
908 888 1013 925 milia
1032 888 1207 938 peditum
1233 888 1440 934 habebant,

88 971 101 993 5
121 950 295 999 equitum
325 963 391 988 sex
424 950 547 991 milia:
577 951 646 988 has
675 951 808 1000 copias
837 965 970 990 currus
999 964 1026 990 D
1061 953 1332 1001 sequebantur.
1394 963 1441 989 111

119 1015 238 1053 duces
277 1022 470 1064 spectatos
504 1014 643 1053 virtute
675 1015 814 1053 bellica
844 1017 1048 1065 elegerant.
1107 1025 1146 1055 at
1177 1017 1243 1066 qui
1274 1017 1313 1055 in
1344 1016 1442 1067 agris

119 1086 227 1117 crant
255 1079 422 1128 proximi
450 1079 879 1129 flumini—frequentes
908 1088 1039 1119 autern
1069 1080 1176 1119 vicos
1205 1080 1372 1119 maxime
1403 1080 1442 1118 in

119 1144 201 1193 ripa
216 1145 512 1183 habebant—ut
527 1144 659 1183 videre
675 1153 801 1183 totum
821 1158 990 1192 amnem,
1005 1159 1083 1195 qua
1096 1145 1263 1195 prospici
1277 1152 1440 1195 poterat,

121 1208 282 1257 navigiis
302 1216 541 1246 constratum
563 1216 600 1247 et
614 1216 672 1246 tot
686 1208 852 1246 militum
866 1222 972 1246 arma
987 1209 1185 1258 fulgentia,
1203 1209 1322 1248 territi
1341 1222 1443 1247 nova

120 1270 229 1318 facie,
252 1272 415 1310 deorum
444 1271 657 1310 exercitum
688 1279 725 1310 et
751 1272 870 1310 alium
899 1272 1081 1310 Liberum
1109 1280 1269 1322 patrem,
1291 1273 1442 1310 celebre

89 1349 104 1372 ⁶
124 1335 163 1373 in
183 1335 257 1373 illis
276 1335 457 1385 gentibus
482 1348 639 1380 nomen,
662 1336 871 1374 adventare
891 1336 1113 1374 credebant.
1172 1335 1262 1373 hinc
1275 1335 1441 1373 militurn

122 1402 280 1446 clamor,
302 1400 394 1438 hinc
413 1413 609 1438 remorum
626 1402 759 1450 pulsus
773 1400 979 1450 variaeque
1000 1409 1203 1438 nautarum
1223 1413 1339 1439 voces
1359 1401 1443 1438 hor-

90 1483 104 1506 7
125 1462 288 1500 tantium
318 1462 478 1512 pavidas
507 1475 617 1500 aures
646 1462 896 1511 inpleverant.
955 1475 1044 1511 ergo
1075 1460 1242 1499 universi
1274 1462 1325 1499 ad
1361 1474 1440 1507 (305,

123 1527 189 1577 qui
218 1527 258 1564 in
287 1526 402 1564 armis
431 1533 549 1573 erant,
575 1534 744 1573 currunt,
774 1528 897 1565 furere
926 1527 1168 1565 clamitantes
1197 1534 1235 1564 et
1263 1538 1354 1563 cum
1384 1525 1443 1563 dis

123 1592 311 1641 proelium
334 1591 514 1629 inituros:
544 1591 694 1640 navigia
711 1604 790 1629 non
805 1604 920 1640 posse
940 1590 1143 1637 numerari,
1158 1603 1258 1639 quae
1279 1589 1443 1628 invictos

124 1657 224 1695 viros
254 1658 449 1696 veherent.
519 1664 749 1706 tantumque
778 1657 818 1695 in
851 1657 1060 1696 exercitum
1092 1669 1249 1695 suorum
1280 1656 1444 1694 intulere

122 1720 287 1767 terroris,
308 1729 349 1759 ut
369 1722 516 1769 legatos
536 1721 732 1759 mitterent
751 1729 907 1770 gentem
929 1721 1139 1759 dedituros.

87 1798 102 1822 8
203 1784 279 1822 His
300 1783 339 1821 in
369 1785 487 1822 fidem
514 1784 683 1833 acceptis
709 1785 760 1822 ad
783 1784 875 1822 alias
905 1784 1048 1822 deinde
1068 1791 1202 1833 gentes
1223 1791 1360 1832 quarto
1380 1783 1444 1822 die

122 1848 305 1899 pervenit.
364 1848 486 1886 nihilo
519 1849 604 1897 plus
638 1848 757 1886 animi
788 1848 848 1886 his
878 1849 961 1894 fuit,
993 1862 1109 1898 quam
1139 1849 1275 1887 ceteris
1309 1850 1441 1887 suerat.

122 1913 252 1962 itaque
299 1912 446 1962 oppido
484 1912 537 1950 ibi
575 1912 748 1958 condito,
789 1914 897 1962 quod
934 1914 1220 1951 Alexandream
1260 1912 1445 1962 appellari

89 2000 105 2022 9
126 1978 297 2023 iusserat,
320 1978 416 2015 fines
436 1989 582 2023 eorum,
598 1976 665 2025 qui
680 1976 875 2014 Musicani
895 1978 1149 2026 appellantur,
1168 1976 1331 2014 intravit.
1381 1975 1445 2014 hic

123 2042 172 2079 de
192 2040 363 2079 Teriolte
384 2048 546 2089 satrape,
569 2052 687 2089 quem
717 2039 1027 2089 Parapamisadis
1051 2041 1297 2089 praefecerat,
1319 2039 1444 2078 isdem

122 2105 372 2155 arguentibus
392 2104 576 2153 cognovit
596 2105 795 2153 multaque
815 2117 928 2143 avare
948 2117 994 2142 ac
1015 2105 1179 2153 superbe
1200 2103 1335 2142 fecisse
1355 2116 1446 2142 con-

71 2189 102 2206 10
120 2168 266 2206 victum
286 2166 449 2205 interfici
465 2166 584 2204 iussit.
644 2168 844 2216 Oxyartes,
859 2174 1014 2216 praetor
1034 2167 1342 2212 Bactrianorum,
1363 2178 1445 2204 non

121 2232 321 2271 absolutus
351 2231 484 2277 modo,
516 2231 586 2269 sed
619 2230 737 2270 etiam
769 2230 851 2270 iure
888 2231 1030 2270 amoris
1063 2230 1261 2281 amplioris
1291 2227 1444 2280 imperii
