<?xml version="1.0" encoding="UTF-8"?>
<!DOCTYPE html PUBLIC "-//W3C//DTD XHTML 1.0 Transitional//EN"
    "http://www.w3.org/TR/xhtml1/DTD/xhtml1-transitional.dtd">
<html xmlns="http://www.w3.org/1999/xhtml" xml:lang="en" lang="en">
 <head>
  <title>
</title>
<meta http-equiv="Content-Type" content="text/html;charset=utf-8" />
  <meta name='ocr-system' content='tesseract 3.04.00' />
  <meta name='ocr-capabilities' content='ocr_page ocr_carea ocr_par ocr_line ocrx_word'/>
</head>
<body>
  <div class='ocr_page' id='page_1' title='image "./alexanderinindia00curtuoft_0080.png"; bbox 0 0 1563 2446; ppageno 0'>
   <div class='ocr_carea' id='block_1_1' title="bbox 136 93 1018 143">
    <p class='ocr_par' dir='ltr' id='par_1_1' title="bbox 136 93 1018 143">
     <span class='ocr_line' id='line_1_1' title="bbox 136 93 1018 143; baseline 0.001 -13"><span class='ocrx_word' id='word_1_1' title='bbox 136 95 181 142; x_wconf 81' lang='lat'>76</span> <span class='ocrx_word' id='word_1_2' title='bbox 565 93 610 143; x_wconf 84' lang='grc' dir='ltr'>ρ.</span> <span class='ocrx_word' id='word_1_3' title='bbox 648 94 835 133; x_wconf 75' lang='lat' dir='ltr'><em>CURTJ</em></span> <span class='ocrx_word' id='word_1_4' title='bbox 864 95 1018 132; x_wconf 59' lang='grc' dir='ltr'>[ΜΗ</span> 
     </span>
    </p>
   </div>
   <div class='ocr_carea' id='block_1_2' title="bbox 76 177 1457 2273">
    <p class='ocr_par' dir='ltr' id='par_1_2' title="bbox 76 177 1457 2273">
     <span class='ocr_line' id='line_1_2' title="bbox 131 177 1452 229; baseline -0.003 -11"><span class='ocrx_word' id='word_1_5' title='bbox 131 179 282 218; x_wconf 88' lang='lat' dir='ltr'>barbari</span> <span class='ocrx_word' id='word_1_6' title='bbox 302 193 455 221; x_wconf 83' lang='lat' dir='ltr'>veneno</span> <span class='ocrx_word' id='word_1_7' title='bbox 476 178 666 218; x_wconf 82' lang='lat' dir='ltr'>tinxerant</span> <span class='ocrx_word' id='word_1_8' title='bbox 686 179 847 229; x_wconf 81' lang='lat' dir='ltr'>gladios.</span> <span class='ocrx_word' id='word_1_9' title='bbox 906 178 1036 227; x_wconf 85' lang='lat' dir='ltr'>itaque</span> <span class='ocrx_word' id='word_1_10' title='bbox 1057 177 1177 215; x_wconf 89' lang='lat' dir='ltr'>saucii</span> <span class='ocrx_word' id='word_1_11' title='bbox 1198 177 1364 215; x_wconf 85' lang='lat' dir='ltr'>subinde</span> <span class='ocrx_word' id='word_1_12' title='bbox 1390 189 1452 216; x_wconf 83' lang='lat' dir='ltr'>ex-</span> 
     </span>
     <span class='ocr_line' id='line_1_3' title="bbox 133 241 1455 293; baseline -0.002 -11"><span class='ocrx_word' id='word_1_13' title='bbox 133 243 321 293; x_wconf 88' lang='lat' dir='ltr'>pirabant,</span> <span class='ocrx_word' id='word_1_14' title='bbox 345 257 417 282; x_wconf 88' lang='lat' dir='ltr'>nee</span> <span class='ocrx_word' id='word_1_15' title='bbox 438 257 555 281; x_wconf 83' lang='lat' dir='ltr'>causa</span> <span class='ocrx_word' id='word_1_16' title='bbox 574 252 654 282; x_wconf 87' lang='lat' dir='ltr'>tam</span> <span class='ocrx_word' id='word_1_17' title='bbox 675 252 853 281; x_wconf 79' lang='lat' dir='ltr'>strenuae</span> <span class='ocrx_word' id='word_1_18' title='bbox 874 241 1008 280; x_wconf 90' lang='lat' dir='ltr'>mortis</span> <span class='ocrx_word' id='word_1_19' title='bbox 1029 241 1234 291; x_wconf 81' lang='lat' dir='ltr'>excogitari</span> <span class='ocrx_word' id='word_1_20' title='bbox 1254 250 1404 292; x_wconf 85' lang='lat' dir='ltr'>poterat</span> <span class='ocrx_word' id='word_1_21' title='bbox 1429 255 1455 280; x_wconf 80' lang='lat' dir='ltr'>a.</span> 
     </span>
     <span class='ocr_line' id='line_1_4' title="bbox 78 305 1453 356; baseline -0.001 -11"><span class='ocrx_word' id='word_1_22' title='bbox 78 328 108 345; x_wconf 74' lang='grc' dir='ltr'>2ι</span> <span class='ocrx_word' id='word_1_23' title='bbox 131 308 304 354; x_wconf 84' lang='lat' dir='ltr'>medicis,</span> <span class='ocrx_word' id='word_1_24' title='bbox 327 321 416 345; x_wconf 91' lang='lat' dir='ltr'>cum</span> <span class='ocrx_word' id='word_1_25' title='bbox 438 308 554 346; x_wconf 85' lang='lat' dir='ltr'>etiam</span> <span class='ocrx_word' id='word_1_26' title='bbox 575 309 678 345; x_wconf 78' lang='lat' dir='ltr'>leves</span> <span class='ocrx_word' id='word_1_27' title='bbox 699 308 833 356; x_wconf 80' lang='lat' dir='ltr'>plagae</span> <span class='ocrx_word' id='word_1_28' title='bbox 855 305 1086 343; x_wconf 78' lang='lat' dir='ltr'>insanabiles</span> <span class='ocrx_word' id='word_1_29' title='bbox 1107 313 1246 344; x_wconf 82' lang='lat' dir='ltr'><strong>essent.</strong></span> <span class='ocrx_word' id='word_1_30' title='bbox 1303 305 1453 345; x_wconf 84' lang='lat' dir='ltr'>barbari</span> 
     </span>
     <span class='ocr_line' id='line_1_5' title="bbox 133 369 1454 421; baseline -0.001 -13"><span class='ocrx_word' id='word_1_31' title='bbox 133 380 263 410; x_wconf 87' lang='lat' dir='ltr'>autem</span> <span class='ocrx_word' id='word_1_32' title='bbox 295 379 541 421; x_wconf 81' lang='lat' dir='ltr'>speraverant</span> <span class='ocrx_word' id='word_1_33' title='bbox 572 371 771 408; x_wconf 82' lang='lat' dir='ltr'>incautum</span> <span class='ocrx_word' id='word_1_34' title='bbox 803 378 841 408; x_wconf 90' lang='lat' dir='ltr'>et</span> <span class='ocrx_word' id='word_1_35' title='bbox 874 370 1122 408; x_wconf 84' lang='lat' dir='ltr'>temerarium</span> <span class='ocrx_word' id='word_1_36' title='bbox 1160 383 1290 419; x_wconf 83' lang='lat' dir='ltr'>regem</span> <span class='ocrx_word' id='word_1_37' title='bbox 1327 369 1454 419; x_wconf 84' lang='lat' dir='ltr'>excipi</span> 
     </span>
     <span class='ocr_line' id='line_1_6' title="bbox 132 433 1455 484; baseline -0.001 -12"><span class='ocrx_word' id='word_1_38' title='bbox 132 448 256 484; x_wconf 85' lang='lat' dir='ltr'>posse.</span> <span class='ocrx_word' id='word_1_39' title='bbox 314 444 353 474; x_wconf 89' lang='lat' dir='ltr'>et</span> <span class='ocrx_word' id='word_1_40' title='bbox 383 437 479 473; x_wconf 88' lang='lat' dir='ltr'>sorte</span> <span class='ocrx_word' id='word_1_41' title='bbox 499 435 598 472; x_wconf 90' lang='lat' dir='ltr'>inter</span> <span class='ocrx_word' id='word_1_42' title='bbox 618 434 929 484; x_wconf 80' lang='lat' dir='ltr'>promptissimos</span> <span class='ocrx_word' id='word_1_43' title='bbox 950 434 1140 472; x_wconf 77' lang='lat' dir='ltr'>dimicans</span> <span class='ocrx_word' id='word_1_44' title='bbox 1160 433 1327 471; x_wconf 87' lang='lat' dir='ltr'>intactus</span> <span class='ocrx_word' id='word_1_45' title='bbox 1347 446 1455 472; x_wconf 86' lang='lat' dir='ltr'>evas-</span> 
     </span>
     <span class='ocr_line' id='line_1_7' title="bbox 79 497 1454 549; baseline -0.002 -12"><span class='ocrx_word' id='word_1_46' title='bbox 79 520 110 537; x_wconf 79' lang='lat'>22</span> <span class='ocrx_word' id='word_1_47' title='bbox 130 508 219 538; x_wconf 91' lang='lat' dir='ltr'>erat.</span> <span class='ocrx_word' id='word_1_48' title='bbox 280 499 486 549; x_wconf 79' lang='lat' dir='ltr'>praecipue</span> <span class='ocrx_word' id='word_1_49' title='bbox 516 500 777 545; x_wconf 77' lang='lat' dir='ltr'>Ptolomaeus,</span> <span class='ocrx_word' id='word_1_50' title='bbox 806 499 916 537; x_wconf 78' lang='lat' dir='ltr'>laevo</span> <span class='ocrx_word' id='word_1_51' title='bbox 943 499 1105 536; x_wconf 88' lang='lat' dir='ltr'>humero</span> <span class='ocrx_word' id='word_1_52' title='bbox 1134 497 1267 536; x_wconf 79' lang='lat' dir='ltr'>leviter</span> <span class='ocrx_word' id='word_1_53' title='bbox 1295 497 1454 547; x_wconf 89' lang='lat' dir='ltr'>quidem</span> 
     </span>
     <span class='ocr_line' id='line_1_8' title="bbox 132 560 1454 612; baseline -0.002 -11"><span class='ocrx_word' id='word_1_54' title='bbox 132 564 297 610; x_wconf 83' lang='lat' dir='ltr'>saucius,</span> <span class='ocrx_word' id='word_1_55' title='bbox 333 565 403 602; x_wconf 88' lang='lat' dir='ltr'>sed</span> <span class='ocrx_word' id='word_1_56' title='bbox 437 563 582 601; x_wconf 86' lang='lat' dir='ltr'>maiore</span> <span class='ocrx_word' id='word_1_57' title='bbox 616 563 789 612; x_wconf 79' lang='lat' dir='ltr'>periculo</span> <span class='ocrx_word' id='word_1_58' title='bbox 816 576 933 612; x_wconf 86' lang='lat' dir='ltr'>quam</span> <span class='ocrx_word' id='word_1_59' title='bbox 956 563 1114 600; x_wconf 72' lang='lat' dir='ltr'>vulnere</span> <span class='ocrx_word' id='word_1_60' title='bbox 1141 563 1328 608; x_wconf 84' lang='lat' dir='ltr'>adfectus,</span> <span class='ocrx_word' id='word_1_61' title='bbox 1355 560 1454 611; x_wconf 88' lang='lat' dir='ltr'>regis</span> 
     </span>
     <span class='ocr_line' id='line_1_9' title="bbox 132 626 1452 676; baseline -0.001 -11"><span class='ocrx_word' id='word_1_62' title='bbox 132 628 434 666; x_wconf 84' lang='lat' dir='ltr'>sollicitudinem</span> <span class='ocrx_word' id='word_1_63' title='bbox 464 627 501 664; x_wconf 89' lang='lat' dir='ltr'>in</span> <span class='ocrx_word' id='word_1_64' title='bbox 530 640 570 665; x_wconf 86' lang='lat' dir='ltr'>se</span> <span class='ocrx_word' id='word_1_65' title='bbox 591 634 846 665; x_wconf 82' lang='lat' dir='ltr'>converterat.</span> <span class='ocrx_word' id='word_1_66' title='bbox 902 626 1089 676; x_wconf 89' lang='lat' dir='ltr'>sanguine</span> <span class='ocrx_word' id='word_1_67' title='bbox 1109 626 1340 664; x_wconf 83' lang='lat' dir='ltr'>coniunctus</span> <span class='ocrx_word' id='word_1_68' title='bbox 1360 634 1452 672; x_wconf 87' lang='lat' dir='ltr'>erat,</span> 
     </span>
     <span class='ocr_line' id='line_1_10' title="bbox 133 689 1455 741; baseline -0.002 -11"><span class='ocrx_word' id='word_1_69' title='bbox 133 700 172 730; x_wconf 91' lang='lat' dir='ltr'>et</span> <span class='ocrx_word' id='word_1_70' title='bbox 203 692 362 741; x_wconf 83' lang='lat' dir='ltr'>quidam</span> <span class='ocrx_word' id='word_1_71' title='bbox 399 691 580 740; x_wconf 86' lang='lat' dir='ltr'>Philippo</span> <span class='ocrx_word' id='word_1_72' title='bbox 609 691 784 741; x_wconf 88' lang='lat' dir='ltr'>genitum</span> <span class='ocrx_word' id='word_1_73' title='bbox 814 704 900 729; x_wconf 83' lang='lat' dir='ltr'>esse</span> <span class='ocrx_word' id='word_1_74' title='bbox 937 691 1159 736; x_wconf 82' lang='lat' dir='ltr'>eredebant,</span> <span class='ocrx_word' id='word_1_75' title='bbox 1190 698 1293 728; x_wconf 90' lang='lat' dir='ltr'>certe</span> <span class='ocrx_word' id='word_1_76' title='bbox 1330 689 1455 739; x_wconf 84' lang='lat' dir='ltr'><strong>pelice</strong></span> 
     </span>
     <span class='ocr_line' id='line_1_11' title="bbox 79 754 1455 805; baseline -0.002 -11"><span class='ocrx_word' id='word_1_77' title='bbox 79 778 110 800; x_wconf 78' lang='lat'>23</span> <span class='ocrx_word' id='word_1_78' title='bbox 131 757 213 795; x_wconf 89' lang='lat' dir='ltr'>eius</span> <span class='ocrx_word' id='word_1_79' title='bbox 234 765 361 795; x_wconf 89' lang='lat' dir='ltr'>ortum</span> <span class='ocrx_word' id='word_1_80' title='bbox 382 758 598 794; x_wconf 86' lang='lat' dir='ltr'>constabat.</span> <span class='ocrx_word' id='word_1_81' title='bbox 656 755 761 794; x_wconf 88' lang='lat' dir='ltr'>idem</span> <span class='ocrx_word' id='word_1_82' title='bbox 782 755 953 805; x_wconf 86' lang='lat' dir='ltr'>corporis</span> <span class='ocrx_word' id='word_1_83' title='bbox 973 763 1104 793; x_wconf 86' lang='lat' dir='ltr'>custos</span> <span class='ocrx_word' id='word_1_84' title='bbox 1130 754 1455 805; x_wconf 86' lang='lat' dir='ltr'>promptissimus-</span> 
     </span>
     <span class='ocr_line' id='line_1_12' title="bbox 134 818 1456 871; baseline -0.003 -12"><span class='ocrx_word' id='word_1_85' title='bbox 134 835 210 871; x_wconf 95' lang='lat' dir='ltr'>que</span> <span class='ocrx_word' id='word_1_86' title='bbox 237 822 400 859; x_wconf 81' lang='lat' dir='ltr'>bellator</span> <span class='ocrx_word' id='word_1_87' title='bbox 429 829 468 859; x_wconf 87' lang='lat' dir='ltr'>et</span> <span class='ocrx_word' id='word_1_88' title='bbox 493 821 600 870; x_wconf 84' lang='lat' dir='ltr'>pacis</span> <span class='ocrx_word' id='word_1_89' title='bbox 629 821 775 859; x_wconf 87' lang='lat' dir='ltr'>artibus</span> <span class='ocrx_word' id='word_1_90' title='bbox 802 834 919 869; x_wconf 90' lang='lat' dir='ltr'>quam</span> <span class='ocrx_word' id='word_1_91' title='bbox 940 820 1099 858; x_wconf 88' lang='lat' dir='ltr'>militiae</span> <span class='ocrx_word' id='word_1_92' title='bbox 1119 819 1241 857; x_wconf 89' lang='lat' dir='ltr'>maior</span> <span class='ocrx_word' id='word_1_93' title='bbox 1261 826 1299 857; x_wconf 93' lang='lat' dir='ltr'>et</span> <span class='ocrx_word' id='word_1_94' title='bbox 1318 818 1456 856; x_wconf 88' lang='lat' dir='ltr'>clarior</span> 
     </span>
     <span class='ocr_line' id='line_1_13' title="bbox 134 882 1455 934; baseline -0.002 -12"><span class='ocrx_word' id='word_1_95' title='bbox 134 885 292 924; x_wconf 84' lang='lat' dir='ltr'>modico</span> <span class='ocrx_word' id='word_1_96' title='bbox 313 885 494 934; x_wconf 82' lang='lat' dir='ltr'>civilique</span> <span class='ocrx_word' id='word_1_97' title='bbox 514 886 620 922; x_wconf 87' lang='lat' dir='ltr'>cultu</span> <span class='ocrx_word' id='word_1_98' title='bbox 640 884 806 923; x_wconf 89' lang='lat' dir='ltr'>liberalis</span> <span class='ocrx_word' id='word_1_99' title='bbox 827 885 865 922; x_wconf 94' lang='lat' dir='ltr'>in</span> <span class='ocrx_word' id='word_1_100' title='bbox 886 884 1018 934; x_wconf 87' lang='lat' dir='ltr'>primis</span> <span class='ocrx_word' id='word_1_101' title='bbox 1037 884 1223 933; x_wconf 88' lang='lat' dir='ltr'>adituque</span> <span class='ocrx_word' id='word_1_102' title='bbox 1244 882 1344 921; x_wconf 84' lang='lat' dir='ltr'>sacili</span> <span class='ocrx_word' id='word_1_103' title='bbox 1360 882 1455 921; x_wconf 82' lang='lat' dir='ltr'>nihil</span> 
     </span>
     <span class='ocr_line' id='line_1_14' title="bbox 79 947 1455 998; baseline 0 -12"><span class='ocrx_word' id='word_1_104' title='bbox 79 971 111 994; x_wconf 63' lang='lat'>24</span> <span class='ocrx_word' id='word_1_105' title='bbox 131 962 179 987; x_wconf 82' lang='lat' dir='ltr'>ex</span> <span class='ocrx_word' id='word_1_106' title='bbox 205 951 305 987; x_wconf 91' lang='lat' dir='ltr'>fastu</span> <span class='ocrx_word' id='word_1_107' title='bbox 331 949 457 998; x_wconf 88' lang='lat' dir='ltr'>regiae</span> <span class='ocrx_word' id='word_1_108' title='bbox 483 950 763 998; x_wconf 75' lang='lat' dir='ltr'><strong>adsumpserat.</strong></span> <span class='ocrx_word' id='word_1_109' title='bbox 823 950 874 987; x_wconf 90' lang='lat' dir='ltr'>ob</span> <span class='ocrx_word' id='word_1_110' title='bbox 901 950 998 987; x_wconf 86' lang='lat' dir='ltr'>haee</span> <span class='ocrx_word' id='word_1_111' title='bbox 1023 949 1103 998; x_wconf 88' lang='lat' dir='ltr'>regi</span> <span class='ocrx_word' id='word_1_112' title='bbox 1128 962 1178 986; x_wconf 86' lang='lat' dir='ltr'>an</span> <span class='ocrx_word' id='word_1_113' title='bbox 1204 947 1455 998; x_wconf 88' lang='lat' dir='ltr'>popularibus</span> 
     </span>
     <span class='ocr_line' id='line_1_15' title="bbox 133 1013 1456 1063; baseline -0.001 -12"><span class='ocrx_word' id='word_1_114' title='bbox 133 1013 256 1052; x_wconf 90' lang='lat' dir='ltr'>carior</span> <span class='ocrx_word' id='word_1_115' title='bbox 289 1022 400 1059; x_wconf 87' lang='lat' dir='ltr'>esset,</span> <span class='ocrx_word' id='word_1_116' title='bbox 434 1013 602 1052; x_wconf 89' lang='lat' dir='ltr'>dubitari</span> <span class='ocrx_word' id='word_1_117' title='bbox 634 1021 797 1063; x_wconf 88' lang='lat' dir='ltr'>poterat,</span> <span class='ocrx_word' id='word_1_118' title='bbox 830 1021 913 1052; x_wconf 92' lang='lat' dir='ltr'>tum</span> <span class='ocrx_word' id='word_1_119' title='bbox 947 1022 1049 1052; x_wconf 85' lang='lat' dir='ltr'>certe</span> <span class='ocrx_word' id='word_1_120' title='bbox 1080 1013 1248 1063; x_wconf 89' lang='lat' dir='ltr'>primum</span> <span class='ocrx_word' id='word_1_121' title='bbox 1277 1021 1456 1062; x_wconf 77' lang='lat' dir='ltr'>expertus</span> 
     </span>
     <span class='ocr_line' id='line_1_16' title="bbox 134 1076 1453 1127; baseline -0.001 -12"><span class='ocrx_word' id='word_1_122' title='bbox 134 1091 291 1116; x_wconf 87' lang='lat' dir='ltr'>suorum</span> <span class='ocrx_word' id='word_1_123' title='bbox 312 1077 476 1124; x_wconf 85' lang='lat' dir='ltr'>animos,</span> <span class='ocrx_word' id='word_1_124' title='bbox 498 1078 599 1116; x_wconf 90' lang='lat' dir='ltr'>adeo</span> <span class='ocrx_word' id='word_1_125' title='bbox 619 1085 662 1116; x_wconf 90' lang='lat' dir='ltr'>ut</span> <span class='ocrx_word' id='word_1_126' title='bbox 681 1079 888 1123; x_wconf 88' lang='lat' dir='ltr'>fortunam,</span> <span class='ocrx_word' id='word_1_127' title='bbox 911 1077 950 1115; x_wconf 91' lang='lat' dir='ltr'>in</span> <span class='ocrx_word' id='word_1_128' title='bbox 970 1091 1085 1127; x_wconf 81' lang='lat' dir='ltr'>quam</span> <span class='ocrx_word' id='word_1_129' title='bbox 1107 1085 1245 1126; x_wconf 86' lang='lat' dir='ltr'>postea</span> <span class='ocrx_word' id='word_1_130' title='bbox 1266 1076 1453 1123; x_wconf 87' lang='lat' dir='ltr'>aseendit,</span> 
     </span>
     <span class='ocr_line' id='line_1_17' title="bbox 79 1140 1456 1192; baseline -0.001 -12"><span class='ocrx_word' id='word_1_131' title='bbox 79 1163 111 1185; x_wconf 83' lang='lat'>25</span> <span class='ocrx_word' id='word_1_132' title='bbox 132 1142 170 1180; x_wconf 91' lang='lat' dir='ltr'>in</span> <span class='ocrx_word' id='word_1_133' title='bbox 190 1142 257 1180; x_wconf 86' lang='lat' dir='ltr'>illo</span> <span class='ocrx_word' id='word_1_134' title='bbox 277 1142 450 1192; x_wconf 89' lang='lat' dir='ltr'>periculo</span> <span class='ocrx_word' id='word_1_135' title='bbox 479 1143 721 1180; x_wconf 77' lang='lat' dir='ltr'><strong>Macedones</strong></span> <span class='ocrx_word' id='word_1_136' title='bbox 746 1142 909 1180; x_wconf 87' lang='lat' dir='ltr'>ominati</span> <span class='ocrx_word' id='word_1_137' title='bbox 935 1156 1019 1180; x_wconf 86' lang='lat' dir='ltr'>esse</span> <span class='ocrx_word' id='word_1_138' title='bbox 1041 1142 1252 1180; x_wconf 76' lang='lat' dir='ltr'>videantur.</span> <span class='ocrx_word' id='word_1_139' title='bbox 1311 1140 1456 1191; x_wconf 92' lang='lat' dir='ltr'>quippe</span> 
     </span>
     <span class='ocr_line' id='line_1_18' title="bbox 134 1205 1457 1256; baseline 0 -12"><span class='ocrx_word' id='word_1_140' title='bbox 134 1219 214 1244; x_wconf 91' lang='lat' dir='ltr'>non</span> <span class='ocrx_word' id='word_1_141' title='bbox 234 1206 354 1244; x_wconf 78' lang='lat' dir='ltr'>levior</span> <span class='ocrx_word' id='word_1_142' title='bbox 373 1206 445 1244; x_wconf 90' lang='lat' dir='ltr'>illis</span> <span class='ocrx_word' id='word_1_143' title='bbox 467 1206 686 1244; x_wconf 82' lang='lat' dir='ltr'>Ptolomaei</span> <span class='ocrx_word' id='word_1_144' title='bbox 705 1206 776 1245; x_wconf 86' lang='lat' dir='ltr'>fuit</span> <span class='ocrx_word' id='word_1_145' title='bbox 795 1220 899 1253; x_wconf 83' lang='lat' dir='ltr'>cura,</span> <span class='ocrx_word' id='word_1_146' title='bbox 916 1220 1035 1256; x_wconf 87' lang='lat' dir='ltr'>quam</span> <span class='ocrx_word' id='word_1_147' title='bbox 1055 1206 1153 1256; x_wconf 87' lang='lat' dir='ltr'>regis</span> <span class='ocrx_word' id='word_1_148' title='bbox 1169 1220 1176 1243; x_wconf 95' lang='lat'>:</span> <span class='ocrx_word' id='word_1_149' title='bbox 1205 1205 1272 1255; x_wconf 88' lang='lat' dir='ltr'>qui</span> <span class='ocrx_word' id='word_1_150' title='bbox 1291 1214 1329 1244; x_wconf 92' lang='lat' dir='ltr'>et</span> <span class='ocrx_word' id='word_1_151' title='bbox 1348 1218 1457 1255; x_wconf 91' lang='lat' dir='ltr'>proe-</span> 
     </span>
     <span class='ocr_line' id='line_1_19' title="bbox 134 1271 1456 1321; baseline 0.001 -13"><span class='ocrx_word' id='word_1_152' title='bbox 134 1272 186 1309; x_wconf 67' lang='lat' dir='ltr'>lio</span> <span class='ocrx_word' id='word_1_153' title='bbox 214 1279 251 1309; x_wconf 86' lang='lat' dir='ltr'>ct</span> <span class='ocrx_word' id='word_1_154' title='bbox 278 1271 540 1309; x_wconf 83' lang='lat' dir='ltr'>sollieitudine</span> <span class='ocrx_word' id='word_1_155' title='bbox 567 1271 744 1321; x_wconf 84' lang='lat' dir='ltr'>fatigatus</span> <span class='ocrx_word' id='word_1_156' title='bbox 775 1284 866 1309; x_wconf 88' lang='lat' dir='ltr'>cum</span> <span class='ocrx_word' id='word_1_157' title='bbox 894 1273 1123 1310; x_wconf 86' lang='lat' dir='ltr'>Ptolomaeo</span> <span class='ocrx_word' id='word_1_158' title='bbox 1149 1271 1354 1317; x_wconf 87' lang='lat' dir='ltr'>adsideret,</span> <span class='ocrx_word' id='word_1_159' title='bbox 1382 1272 1456 1309; x_wconf 90' lang='lat' dir='ltr'>lee-</span> 
     </span>
     <span class='ocr_line' id='line_1_20' title="bbox 81 1335 1456 1384; baseline 0.002 -13"><span class='ocrx_word' id='word_1_160' title='bbox 81 1348 114 1372; x_wconf 72' lang='lat'>25</span> <span class='ocrx_word' id='word_1_161' title='bbox 134 1343 229 1381; x_wconf 88' lang='lat' dir='ltr'>tum,</span> <span class='ocrx_word' id='word_1_162' title='bbox 251 1335 291 1372; x_wconf 91' lang='lat' dir='ltr'>in</span> <span class='ocrx_word' id='word_1_163' title='bbox 312 1348 391 1384; x_wconf 89' lang='lat' dir='ltr'>quo</span> <span class='ocrx_word' id='word_1_164' title='bbox 411 1335 493 1384; x_wconf 88' lang='lat' dir='ltr'>ipse</span> <span class='ocrx_word' id='word_1_165' title='bbox 520 1335 801 1384; x_wconf 83' lang='lat' dir='ltr'>adquiesceret,</span> <span class='ocrx_word' id='word_1_166' title='bbox 823 1335 932 1374; x_wconf 88' lang='lat' dir='ltr'>iussit</span> <span class='ocrx_word' id='word_1_167' title='bbox 958 1335 1096 1373; x_wconf 83' lang='lat' dir='ltr'>inferri.</span> <span class='ocrx_word' id='word_1_168' title='bbox 1155 1335 1195 1372; x_wconf 90' lang='lat' dir='ltr'>in</span> <span class='ocrx_word' id='word_1_169' title='bbox 1215 1348 1333 1384; x_wconf 88' lang='lat' dir='ltr'>quem</span> <span class='ocrx_word' id='word_1_170' title='bbox 1352 1343 1395 1373; x_wconf 91' lang='lat' dir='ltr'>ut</span> <span class='ocrx_word' id='word_1_171' title='bbox 1415 1349 1456 1374; x_wconf 89' lang='lat' dir='ltr'>se</span> 
     </span>
     <span class='ocr_line' id='line_1_21' title="bbox 135 1399 1457 1449; baseline 0.001 -13"><span class='ocrx_word' id='word_1_172' title='bbox 135 1399 290 1448; x_wconf 83' lang='lat' dir='ltr'>recepit,</span> <span class='ocrx_word' id='word_1_173' title='bbox 322 1399 498 1448; x_wconf 90' lang='lat' dir='ltr'>protinus</span> <span class='ocrx_word' id='word_1_174' title='bbox 524 1400 637 1438; x_wconf 90' lang='lat' dir='ltr'>altior</span> <span class='ocrx_word' id='word_1_175' title='bbox 661 1400 860 1438; x_wconf 85' lang='lat' dir='ltr'>insecutus</span> <span class='ocrx_word' id='word_1_176' title='bbox 887 1408 944 1438; x_wconf 89' lang='lat' dir='ltr'>est</span> <span class='ocrx_word' id='word_1_177' title='bbox 964 1413 1134 1438; x_wconf 87' lang='lat' dir='ltr'>somnus.</span> <span class='ocrx_word' id='word_1_178' title='bbox 1191 1412 1238 1437; x_wconf 85' lang='lat' dir='ltr'>ex</span> <span class='ocrx_word' id='word_1_179' title='bbox 1259 1412 1338 1449; x_wconf 90' lang='lat' dir='ltr'>quo</span> <span class='ocrx_word' id='word_1_180' title='bbox 1357 1399 1457 1438; x_wconf 85' lang='lat' dir='ltr'>exci-</span> 
     </span>
     <span class='ocr_line' id='line_1_22' title="bbox 135 1464 1457 1515; baseline 0.001 -13"><span class='ocrx_word' id='word_1_181' title='bbox 135 1472 237 1502; x_wconf 87' lang='lat' dir='ltr'>tatus</span> <span class='ocrx_word' id='word_1_182' title='bbox 266 1477 334 1513; x_wconf 87' lang='lat' dir='ltr'>per</span> <span class='ocrx_word' id='word_1_183' title='bbox 359 1464 531 1513; x_wconf 89' lang='lat' dir='ltr'>quietem</span> <span class='ocrx_word' id='word_1_184' title='bbox 552 1465 694 1503; x_wconf 82' lang='lat' dir='ltr'>vidisse</span> <span class='ocrx_word' id='word_1_185' title='bbox 721 1478 762 1503; x_wconf 84' lang='lat' dir='ltr'>se</span> <span class='ocrx_word' id='word_1_186' title='bbox 782 1465 941 1515; x_wconf 84' lang='lat' dir='ltr'>exponit</span> <span class='ocrx_word' id='word_1_187' title='bbox 961 1465 1132 1514; x_wconf 89' lang='lat' dir='ltr'>speeiem</span> <span class='ocrx_word' id='word_1_188' title='bbox 1153 1464 1332 1503; x_wconf 88' lang='lat' dir='ltr'>draconis</span> <span class='ocrx_word' id='word_1_189' title='bbox 1352 1465 1457 1503; x_wconf 86' lang='lat' dir='ltr'>obla-</span> 
     </span>
     <span class='ocr_line' id='line_1_23' title="bbox 135 1528 1456 1578; baseline 0.001 -13"><span class='ocrx_word' id='word_1_190' title='bbox 135 1537 215 1565; x_wconf 87' lang='lat' dir='ltr'>tam</span> <span class='ocrx_word' id='word_1_191' title='bbox 242 1529 403 1566; x_wconf 84' lang='lat' dir='ltr'>herbam</span> <span class='ocrx_word' id='word_1_192' title='bbox 423 1528 579 1566; x_wconf 86' lang='lat' dir='ltr'>ferentis</span> <span class='ocrx_word' id='word_1_193' title='bbox 600 1542 676 1574; x_wconf 92' lang='lat' dir='ltr'>ore,</span> <span class='ocrx_word' id='word_1_194' title='bbox 699 1542 817 1578; x_wconf 88' lang='lat' dir='ltr'>quam</span> <span class='ocrx_word' id='word_1_195' title='bbox 837 1529 978 1568; x_wconf 76' lang='lat' dir='ltr'>veneni</span> <span class='ocrx_word' id='word_1_196' title='bbox 998 1529 1215 1567; x_wconf 86' lang='lat' dir='ltr'>remedium</span> <span class='ocrx_word' id='word_1_197' title='bbox 1242 1542 1327 1567; x_wconf 90' lang='lat' dir='ltr'>esse</span> <span class='ocrx_word' id='word_1_198' title='bbox 1346 1541 1456 1567; x_wconf 91' lang='lat' dir='ltr'>mon-</span> 
     </span>
     <span class='ocr_line' id='line_1_24' title="bbox 83 1593 1455 1643; baseline 0.002 -14"><span class='ocrx_word' id='word_1_199' title='bbox 83 1613 113 1636; x_wconf 78' lang='lat'>27</span> <span class='ocrx_word' id='word_1_200' title='bbox 134 1599 306 1630; x_wconf 88' lang='lat' dir='ltr'>strasset:</span> <span class='ocrx_word' id='word_1_201' title='bbox 327 1593 499 1630; x_wconf 84' lang='lat' dir='ltr'>colorem</span> <span class='ocrx_word' id='word_1_202' title='bbox 513 1605 671 1642; x_wconf 86' lang='lat' dir='ltr'>quoque</span> <span class='ocrx_word' id='word_1_203' title='bbox 685 1594 827 1631; x_wconf 85' lang='lat' dir='ltr'>herbae</span> <span class='ocrx_word' id='word_1_204' title='bbox 843 1593 1311 1643; x_wconf 83' lang='lat' dir='ltr'>referebat,adgniturum,</span> <span class='ocrx_word' id='word_1_205' title='bbox 1325 1593 1356 1631; x_wconf 86' lang='lat' dir='ltr'>si</span> <span class='ocrx_word' id='word_1_206' title='bbox 1369 1593 1455 1643; x_wconf 89' lang='lat' dir='ltr'>quis</span> 
     </span>
     <span class='ocr_line' id='line_1_25' title="bbox 134 1655 1455 1706; baseline 0.002 -13"><span class='ocrx_word' id='word_1_207' title='bbox 134 1655 374 1705; x_wconf 87' lang='lat' dir='ltr'>repperisset,</span> <span class='ocrx_word' id='word_1_208' title='bbox 399 1657 617 1696; x_wconf 83' lang='lat' dir='ltr'>adfirmans.</span> <span class='ocrx_word' id='word_1_209' title='bbox 675 1657 874 1695; x_wconf 81' lang='lat' dir='ltr'>inventam</span> <span class='ocrx_word' id='word_1_210' title='bbox 898 1657 1042 1696; x_wconf 89' lang='lat' dir='ltr'>deinde</span> <span class='ocrx_word' id='word_1_211' title='bbox 1055 1681 1106 1686; x_wconf 85' lang='lat'><strong>—</strong></span> <span class='ocrx_word' id='word_1_212' title='bbox 1119 1657 1263 1706; x_wconf 88' lang='lat' dir='ltr'>quippe</span> <span class='ocrx_word' id='word_1_213' title='bbox 1282 1670 1306 1694; x_wconf 87' lang='lat' dir='ltr'>a</span> <span class='ocrx_word' id='word_1_214' title='bbox 1324 1657 1455 1695; x_wconf 86' lang='lat' dir='ltr'>multis</span> 
     </span>
     <span class='ocr_line' id='line_1_26' title="bbox 133 1719 1454 1771; baseline 0.002 -15"><span class='ocrx_word' id='word_1_215' title='bbox 133 1719 247 1757; x_wconf 86' lang='lat' dir='ltr'>simul</span> <span class='ocrx_word' id='word_1_216' title='bbox 276 1728 356 1757; x_wconf 90' lang='lat' dir='ltr'>erat</span> <span class='ocrx_word' id='word_1_217' title='bbox 384 1720 568 1768; x_wconf 83' lang='lat' dir='ltr'>requisita</span> <span class='ocrx_word' id='word_1_218' title='bbox 586 1743 640 1749; x_wconf 82' lang='lat'>—</span> <span class='ocrx_word' id='word_1_219' title='bbox 657 1721 805 1759; x_wconf 82' lang='lat' dir='ltr'>vulneri</span> <span class='ocrx_word' id='word_1_220' title='bbox 832 1721 1014 1771; x_wconf 87' lang='lat' dir='ltr'>inposuit,</span> <span class='ocrx_word' id='word_1_221' title='bbox 1042 1721 1294 1771; x_wconf 89' lang='lat' dir='ltr'>protinusque</span> <span class='ocrx_word' id='word_1_222' title='bbox 1319 1722 1454 1759; x_wconf 90' lang='lat' dir='ltr'>dolore</span> 
     </span>
     <span class='ocr_line' id='line_1_27' title="bbox 80 1783 1456 1834; baseline 0.001 -13"><span class='ocrx_word' id='word_1_223' title='bbox 80 1797 111 1822; x_wconf 77' lang='lat'>28</span> <span class='ocrx_word' id='word_1_224' title='bbox 132 1783 241 1822; x_wconf 79' lang='lat' dir='ltr'>finito</span> <span class='ocrx_word' id='word_1_225' title='bbox 255 1783 355 1821; x_wconf 84' lang='lat' dir='ltr'>intra</span> <span class='ocrx_word' id='word_1_226' title='bbox 374 1785 489 1822; x_wconf 79' lang='lat' dir='ltr'>breve</span> <span class='ocrx_word' id='word_1_227' title='bbox 509 1784 676 1833; x_wconf 86' lang='lat' dir='ltr'>spatium</span> <span class='ocrx_word' id='word_1_228' title='bbox 696 1785 852 1823; x_wconf 77' lang='lat' dir='ltr'>cicatrix</span> <span class='ocrx_word' id='word_1_229' title='bbox 867 1798 1024 1834; x_wconf 88' lang='lat' dir='ltr'>quoque</span> <span class='ocrx_word' id='word_1_230' title='bbox 1041 1785 1211 1822; x_wconf 88' lang='lat' dir='ltr'>obducta</span> <span class='ocrx_word' id='word_1_231' title='bbox 1223 1793 1291 1823; x_wconf 90' lang='lat' dir='ltr'>est.</span> <span class='ocrx_word' id='word_1_232' title='bbox 1323 1785 1456 1823; x_wconf 87' lang='lat' dir='ltr'>barba-</span> 
     </span>
     <span class='ocr_line' id='line_1_28' title="bbox 131 1848 1410 1898; baseline 0.002 -12"><span class='ocrx_word' id='word_1_233' title='bbox 131 1861 194 1886; x_wconf 90' lang='lat' dir='ltr'>ros</span> <span class='ocrx_word' id='word_1_234' title='bbox 215 1857 255 1886; x_wconf 91' lang='lat' dir='ltr'>ut</span> <span class='ocrx_word' id='word_1_235' title='bbox 276 1848 399 1897; x_wconf 85' lang='lat' dir='ltr'>prima</span> <span class='ocrx_word' id='word_1_236' title='bbox 418 1862 506 1898; x_wconf 88' lang='lat' dir='ltr'>spes</span> <span class='ocrx_word' id='word_1_237' title='bbox 525 1850 721 1896; x_wconf 86' lang='lat' dir='ltr'>fefellerat,</span> <span class='ocrx_word' id='word_1_238' title='bbox 743 1863 783 1888; x_wconf 89' lang='lat' dir='ltr'>se</span> <span class='ocrx_word' id='word_1_239' title='bbox 803 1850 908 1898; x_wconf 87' lang='lat' dir='ltr'>ipsos</span> <span class='ocrx_word' id='word_1_240' title='bbox 928 1850 1141 1898; x_wconf 79' lang='lat' dir='ltr'>urbemque</span> <span class='ocrx_word' id='word_1_241' title='bbox 1167 1849 1410 1888; x_wconf 82' lang='lat' dir='ltr'>dediderunt.</span> 
     </span>
     <span class='ocr_line' id='line_1_29' title="bbox 215 1912 1455 1963; baseline 0.002 -13"><span class='ocrx_word' id='word_1_242' title='bbox 215 1912 323 1950; x_wconf 88' lang='lat' dir='ltr'>Hinc</span> <span class='ocrx_word' id='word_1_243' title='bbox 342 1912 383 1950; x_wconf 89' lang='lat' dir='ltr'>in</span> <span class='ocrx_word' id='word_1_244' title='bbox 402 1913 617 1962; x_wconf 80' lang='lat' dir='ltr'>proximam</span> <span class='ocrx_word' id='word_1_245' title='bbox 637 1923 793 1963; x_wconf 84' lang='lat' dir='ltr'>gentem</span> <span class='ocrx_word' id='word_1_246' title='bbox 816 1914 1001 1952; x_wconf 85' lang='lat' dir='ltr'>Pataliam</span> <span class='ocrx_word' id='word_1_247' title='bbox 1025 1922 1252 1963; x_wconf 76' lang='lat' dir='ltr'>perventum</span> <span class='ocrx_word' id='word_1_248' title='bbox 1274 1923 1341 1952; x_wconf 89' lang='lat' dir='ltr'>est.</span> <span class='ocrx_word' id='word_1_249' title='bbox 1389 1928 1455 1953; x_wconf 85' lang='lat' dir='ltr'>rex</span> 
     </span>
     <span class='ocr_line' id='line_1_30' title="bbox 80 1977 1454 2028; baseline 0.002 -15"><span class='ocrx_word' id='word_1_250' title='bbox 80 1997 112 2021; x_wconf 81' lang='lat'>29</span> <span class='ocrx_word' id='word_1_251' title='bbox 131 1984 212 2014; x_wconf 89' lang='lat' dir='ltr'>erat</span> <span class='ocrx_word' id='word_1_252' title='bbox 234 1977 391 2024; x_wconf 87' lang='lat' dir='ltr'>Moeris,</span> <span class='ocrx_word' id='word_1_253' title='bbox 413 1977 480 2026; x_wconf 90' lang='lat' dir='ltr'>qui</span> <span class='ocrx_word' id='word_1_254' title='bbox 502 1978 594 2016; x_wconf 90' lang='lat' dir='ltr'>urbe</span> <span class='ocrx_word' id='word_1_255' title='bbox 615 1979 768 2016; x_wconf 85' lang='lat' dir='ltr'>deserta</span> <span class='ocrx_word' id='word_1_256' title='bbox 791 1978 829 2015; x_wconf 92' lang='lat' dir='ltr'>in</span> <span class='ocrx_word' id='word_1_257' title='bbox 856 1987 1010 2016; x_wconf 87' lang='lat' dir='ltr'>montes</span> <span class='ocrx_word' id='word_1_258' title='bbox 1036 1979 1264 2027; x_wconf 86' lang='lat' dir='ltr'>profugerat.</span> <span class='ocrx_word' id='word_1_259' title='bbox 1323 1978 1454 2028; x_wconf 88' lang='lat' dir='ltr'>itaque</span> 
     </span>
     <span class='ocr_line' id='line_1_31' title="bbox 133 2041 1454 2091; baseline 0.003 -14"><span class='ocrx_word' id='word_1_260' title='bbox 133 2041 353 2078; x_wconf 78' lang='lat' dir='ltr'>Alexander</span> <span class='ocrx_word' id='word_1_261' title='bbox 373 2041 519 2090; x_wconf 88' lang='lat' dir='ltr'>oppido</span> <span class='ocrx_word' id='word_1_262' title='bbox 539 2041 683 2090; x_wconf 92' lang='lat' dir='ltr'>potitur</span> <span class='ocrx_word' id='word_1_263' title='bbox 702 2055 890 2091; x_wconf 80' lang='lat' dir='ltr'>agrosque</span> <span class='ocrx_word' id='word_1_264' title='bbox 911 2043 1127 2091; x_wconf 88' lang='lat' dir='ltr'>populatur.</span> <span class='ocrx_word' id='word_1_265' title='bbox 1178 2055 1340 2090; x_wconf 86' lang='lat' dir='ltr'>magnae</span> <span class='ocrx_word' id='word_1_266' title='bbox 1361 2042 1454 2081; x_wconf 86' lang='lat' dir='ltr'>inde</span> 
     </span>
     <span class='ocr_line' id='line_1_32' title="bbox 132 2105 1452 2155; baseline 0.002 -13"><span class='ocrx_word' id='word_1_267' title='bbox 132 2105 301 2153; x_wconf 88' lang='lat' dir='ltr'>praedae</span> <span class='ocrx_word' id='word_1_268' title='bbox 339 2114 448 2143; x_wconf 86' lang='lat' dir='ltr'>actae</span> <span class='ocrx_word' id='word_1_269' title='bbox 487 2114 576 2144; x_wconf 89' lang='lat' dir='ltr'>sunt</span> <span class='ocrx_word' id='word_1_270' title='bbox 613 2119 797 2155; x_wconf 82' lang='lat' dir='ltr'>pecorum</span> <span class='ocrx_word' id='word_1_271' title='bbox 833 2115 1186 2154; x_wconf 90' lang='lat' dir='ltr'>armentorumque,</span> <span class='ocrx_word' id='word_1_272' title='bbox 1219 2119 1360 2155; x_wconf 88' lang='lat' dir='ltr'>magna</span> <span class='ocrx_word' id='word_1_273' title='bbox 1394 2105 1452 2144; x_wconf 91' lang='lat' dir='ltr'>vis</span> 
     </span>
     <span class='ocr_line' id='line_1_33' title="bbox 76 2169 1452 2219; baseline 0.002 -14"><span class='ocrx_word' id='word_1_274' title='bbox 76 2187 111 2212; x_wconf 72' lang='lat'>,50</span> <span class='ocrx_word' id='word_1_275' title='bbox 129 2176 280 2217; x_wconf 87' lang='lat' dir='ltr'>reperta</span> <span class='ocrx_word' id='word_1_276' title='bbox 316 2169 508 2206; x_wconf 87' lang='lat' dir='ltr'>frumenti.</span> <span class='ocrx_word' id='word_1_277' title='bbox 571 2169 735 2208; x_wconf 83' lang='lat' dir='ltr'>ducibus</span> <span class='ocrx_word' id='word_1_278' title='bbox 773 2169 917 2208; x_wconf 89' lang='lat' dir='ltr'>deinde</span> <span class='ocrx_word' id='word_1_279' title='bbox 956 2169 1119 2218; x_wconf 85' lang='lat' dir='ltr'>sumptis</span> <span class='ocrx_word' id='word_1_280' title='bbox 1157 2169 1283 2208; x_wconf 89' lang='lat' dir='ltr'>amnis</span> <span class='ocrx_word' id='word_1_281' title='bbox 1319 2169 1452 2219; x_wconf 87' lang='lat' dir='ltr'>peritis</span> 
     </span>
     <span class='ocr_line' id='line_1_34' title="bbox 135 2231 1153 2273; baseline 0.001 -4"><span class='ocrx_word' id='word_1_282' title='bbox 135 2231 294 2270; x_wconf 82' lang='lat' dir='ltr'>defluxit</span> <span class='ocrx_word' id='word_1_283' title='bbox 313 2233 363 2270; x_wconf 86' lang='lat' dir='ltr'>ad</span> <span class='ocrx_word' id='word_1_284' title='bbox 385 2233 547 2271; x_wconf 88' lang='lat' dir='ltr'>insulam</span> <span class='ocrx_word' id='word_1_285' title='bbox 569 2233 700 2272; x_wconf 89' lang='lat' dir='ltr'>medio</span> <span class='ocrx_word' id='word_1_286' title='bbox 721 2235 840 2273; x_wconf 88' lang='lat' dir='ltr'>ferme</span> <span class='ocrx_word' id='word_1_287' title='bbox 860 2235 969 2273; x_wconf 76' lang='lat' dir='ltr'>alveo</span> <span class='ocrx_word' id='word_1_288' title='bbox 990 2242 1153 2272; x_wconf 87' lang='lat' dir='ltr'>enatam.</span> 
     </span>
    </p>
   </div>
  </div>
 </body>
</html>
