1563 2446
186 87 518 127 HJSTORJAR
529 88 620 126 ΠΜ
653 88 1022 125 ALEXAADRJ
1064 88 1180 134 wll,
1217 100 1272 134 14.
1351 99 1370 137 5
1383 100 1396 125 1

79 187 214 224 parum
240 175 331 213 felix
352 188 452 220 sum,
477 175 675 213 secundus
701 173 797 212 tibi.'
858 187 988 212 rursus
1012 172 1280 222 interrogatus,
1310 173 1403 223 quid
1425 194 1456 217 43

79 239 162 288 ipse
189 239 378 278 victorem
407 247 575 277 statuere
605 239 748 277 debere
776 246 964 285 censeret,
991 239 1116 288 ‘quod
1145 239 1235 286 hic',
1263 238 1401 288 inquit,

81 303 182 342 ‘dies
216 304 286 342 tibi
318 305 469 351 suadet,
501 317 581 353 quo
611 312 792 353 expertus
821 317 873 350 es,
905 317 1022 353 quam
1055 304 1206 347 caduca
1241 302 1403 341 felicitas

79 361 204 406 esset.⁵
265 369 352 417 plus
390 367 592 405 monendo
632 366 807 416 profecit,
842 380 960 416 quam
999 366 1030 405 si
1068 376 1247 417 precatus
1285 375 1454 411 essetz44

79 433 224 482 quippe
253 432 565 482 magnitudinem
595 432 714 470 animi
739 432 822 471 eius
852 432 1067 470 interritam
1095 445 1141 470 ac
1170 445 1220 471 ne
1248 434 1402 471 fortuna

78 498 239 548 quidem
259 497 462 535 infractam
483 510 563 535 non
583 497 850 535 misericordia
869 498 1002 544 modo,
1026 499 1095 536 sed
1116 498 1233 536 etiam
1253 499 1402 536 honore

78 563 256 613 excipere
276 563 458 612 dignatus
479 570 548 600 est.
607 575 765 612 aegrum
787 562 935 600 curavit
962 563 1068 601 haud
1089 576 1211 610 secus,
1234 576 1352 613 quam
1374 563 1403 600 si
1425 584 1455 606 ⁴3

78 639 149 676 pro
177 626 263 676 ipso
287 633 516 675 pugnasset:
546 627 821 663 confirmatum
851 635 987 664 contra
1016 639 1127 676 spem
1156 627 1334 665 omnium
1362 627 1402 665 in

77 691 292 729 amicorum
320 704 527 729 numerum
556 691 714 740 recepit,
744 704 836 729 mox
865 691 1026 730 donavit
1053 691 1241 741 ampliore
1269 705 1400 742 regno,

78 769 196 805 quam
210 755 346 794 tenuit.
388 768 462 793 nee
483 768 576 793 sane
598 755 810 804 quicquam
831 755 1031 805 ingenium
1052 756 1134 794 eius
1155 756 1317 795 solidius
1337 765 1402 794 aut
1423 771 1455 800 46

78 820 319 858 constantius
357 819 506 867 habuit,
546 833 665 869 quam
703 820 1004 859 admirationem
1041 834 1155 859 verae
1202 820 1327 859 laudis
1365 830 1402 860 et.

77 884 241 935 gloriae:
272 883 486 934 simplicius
505 892 637 922 tamen
658 885 801 921 famam
828 885 1058 923 aestimabat
1078 885 1118 923 in
1137 886 1263 933 hoste,
1284 898 1401 935 quarn

79 950 119 987 in
137 948 232 986 cive.
291 949 435 998 quippe
456 962 478 986 a
498 948 576 986 suis
596 949 780 986 credebat
796 948 1106 998 magnitudinem
1126 963 1236 987 suam
1257 950 1402 988 destrui

78 1026 206 1063 posse,
235 1014 402 1051 eandem
431 1013 633 1051 clariorem
662 1013 754 1061 fore,
786 1025 865 1062 quo
894 1013 1058 1052 maiores
1096 1014 1270 1063 fuissent,
1301 1027 1400 1063 quos

79 1078 161 1128 ipse
181 1077 347 1115 vicisset.
