1563 2446
226 446 454 500 QUINTI
500 446 696 488 CURTI
738 446 890 488 RUFI
937 445 1398 488 HISTORIARUM

118 535 505 578 ALEXANDRI
542 536 751 577 MAGNI
786 535 1166 577 MACEDONIS
1201 536 1390 576 LIBER
1422 545 1510 575 VIII

448 626 532 667 AB
575 625 782 667 INITIO
827 625 1076 666 CAPITIS
1119 634 1183 665 IX.

196 776 274 814 Sed
312 789 361 814 ne
399 776 522 814 otium
561 775 735 814 serendis
777 775 995 813 rumoribus
1039 783 1174 812 natum
1218 775 1350 822 aleret,
1395 772 1482 819 in9

118 840 272 877 Indiam
301 840 432 887 movit,
465 853 620 889 semper
647 841 750 878 bello
781 853 900 889 quam
928 847 1016 889 post
1049 838 1252 877 victoriam
1290 838 1436 876 clarior.

118 903 232 941 India
262 911 343 942 tota
373 905 493 942 ferme
527 912 676 953 spectat
710 904 909 951 orientem,
943 903 1072 941 minus
1107 903 1147 940 in
1177 903 1435 949 latitudinem,
1459 923 1474 938 2

115 980 234 1015 quam
262 976 367 1005 recta
400 968 557 1017 regione
591 968 771 1017 spatiosa.
831 981 930 1017 quae
959 976 1133 1005 austrum
1162 967 1370 1016 accipiunt,
1399 966 1438 1003 in
1459 985 1473 1009 ς

114 1030 226 1069 altius
247 1039 368 1070 terrae
389 1032 583 1081 fastigium
603 1033 817 1070 excedunt:
844 1033 960 1081 plana
976 1040 1065 1070 sunt
1081 1040 1209 1070 cetera
1228 1031 1437 1079 multisque

114 1095 254 1134 inclitis
275 1097 454 1135 amnibus
482 1098 660 1136 Caucaso
689 1105 824 1135 monte
850 1096 941 1134 ortis
970 1096 1169 1145 placidum
1190 1109 1258 1145 per
1277 1108 1437 1144 campos

113 1162 184 1200 iter
203 1162 399 1210 praebent.
460 1162 583 1199 Indus
603 1160 767 1210 gelidior
787 1169 855 1208 est,
879 1174 997 1210 quain
1018 1160 1135 1199 ceteri
1155 1175 1161 1198 :
1191 1173 1311 1209 aquas
1331 1160 1437 1198 vehit
1457 1180 1472 1202 4

113 1239 135 1263 a
164 1228 292 1264 colore
323 1225 437 1263 maris
466 1226 572 1263 haud
610 1227 777 1263 multum
816 1225 1078 1263 abhorrentes.
1158 1226 1325 1274 Ganges,
1357 1238 1437 1262 om-
1458 1246 1471 1268 5

112 1290 221 1328 nium
249 1291 298 1329 ab
326 1291 486 1330 Oriente
516 1290 653 1328 fluvius
683 1290 858 1337 eximius,
881 1291 931 1328 ad
960 1290 1216 1328 meridianam
1236 1289 1435 1339 regionem

112 1354 279 1392 decurrit
307 1362 346 1393 et
373 1368 603 1404 magnorum
634 1354 829 1392 montium
866 1353 955 1404 iuga
982 1362 1089 1392 recto
1119 1354 1230 1391 alveo
1259 1352 1434 1402 stringit:

111 1418 203 1457 inde
233 1433 322 1457 eum
351 1419 529 1457 obiectae
563 1432 677 1468 rupes
712 1418 901 1456 inclinant
930 1419 980 1456 ad
1010 1419 1213 1456 orientem.
1271 1426 1434 1467 uterque
1455 1433 1470 1455 ὁ

111 1481 226 1519 rubro
246 1480 343 1519 mari
371 1481 566 1530 accipitur.
627 1481 750 1519 Indus
778 1480 879 1529 ripas
909 1481 1129 1529 multasque
1158 1481 1314 1518 arbores
1343 1493 1430 1517 cuin

111 1558 252 1594 inagna
289 1545 360 1583 soli
398 1554 506 1595 parte
544 1545 734 1590 exsorbet,
774 1544 874 1582 saxis
909 1557 1067 1593 quoque
1106 1544 1315 1593 inpeditus,
1346 1543 1432 1592 quis
1454 1565 1467 1588 7

110 1610 246 1647 crebro
266 1611 546 1648 reverberatur:
576 1609 643 1647 ubi
674 1608 828 1647 mollius
859 1609 985 1646 solum
1014 1599 1165 1658 reperit,
1196 1615 1348 1657 stagnat
1377 1607 1431 1644 in-

109 1674 290 1722 sulasque
328 1674 494 1712 molitur.
564 1674 751 1712 Acesines
790 1686 881 1711 eum
911 1680 1036 1722 auget.
1114 1673 1270 1721 Ganges
1299 1672 1468 1709 decuna

113 1750 244 1774 surum
274 1737 312 1774 in
342 1751 447 1776 mare
479 1739 654 1775 Iomanen
681 1736 884 1786 intercipit,
916 1749 1140 1785 magnoque
1168 1743 1279 1773 motu
1307 1735 1432 1772 amnis

109 1808 271 1849 uterque
315 1801 533 1840 colliditur:
576 1801 721 1851 quippe
761 1801 917 1848 Ganges
955 1812 1136 1848 asperum
1174 1812 1217 1836 os
1255 1798 1432 1836 influenti

111 1864 242 1911 obicit,
275 1878 348 1903 nec
381 1879 628 1915 repercussae
666 1878 792 1914 aquae
830 1866 984 1902 cedunt.
1046 1864 1274 1913 Dyardenes
1304 1863 1432 1900 minus
1452 1885 1467 1908 9

111 1928 264 1966 celeber
283 1928 418 1966 auditu
445 1936 513 1974 est,
536 1929 628 1978 quia
656 1942 726 1978 per
752 1927 889 1966 ultima
919 1928 1057 1966 Indiae
1086 1927 1228 1966 currit:
1250 1935 1432 1964 >ceterum

112 2005 191 2030 non
221 1993 439 2031 crocodilos
467 1994 600 2040 modo,
631 1993 688 2031 uti
717 1993 841 2040 Nilus,
863 1994 933 2031 sed
961 1992 1079 2031 etiam
1099 1991 1307 2041 delphinos
1327 1990 1432 2040 igno-

113 2064 249 2104 tasque
293 2056 375 2094 aliis
419 2057 600 2107 gentibus
646 2058 780 2096 beluas
825 2057 903 2095 alit.
980 2057 1240 2104 Ethimantus,
1289 2054 1431 2092 crebris
1455 2075 1485 2092 ιο

110 2119 272 2157 flexibus
311 2121 476 2160 subinde
507 2129 699 2168 curvatus,
730 2122 781 2159 ab
814 2120 958 2159 accolis
991 2120 1204 2169 rigantibus
1238 2119 1427 2169 carpitur:

108 2195 154 2220 ea
174 2196 291 2222 causa
312 2192 379 2232 est,
401 2199 469 2224 cur
490 2194 626 2225 tenues
650 2185 830 2236 reliquias
857 2184 934 2224 iam
962 2184 1044 2224 sine
1072 2184 1230 2223 nomine
1253 2183 1293 2222 in
1322 2196 1428 2222 mare

223 2271 256 2299 c.
1313 2273 1335 2310 3
