1563 2446
177 67 508 106 HJSTORJAR
519 68 615 105 ΠΜ
642 68 1012 106 ALEXANDRJ
1051 71 1167 117 mss,
1213 85 1268 118 14.
1327 86 1377 122 47

53 153 258 203 quadrigas
274 157 312 192 et
333 165 396 191 1111
418 153 523 191 milia
539 153 714 203 equitum
729 153 901 193 venienti
921 154 1065 203 agmini
1087 156 1240 194 obiecit.
1299 159 1377 196 dux
1430 195 1433 197 ,

52 225 132 255 erat
156 217 367 266 copiarum,
390 231 485 266 quas
512 217 719 266 praemisit,
748 220 892 267 Hages,
925 219 1039 256 frater
1065 218 1194 268 ipsius
1225 233 1377 258 summa

51 281 188 319 virium
210 281 248 319 in
269 281 460 319 curribus:
490 295 604 320 senos
625 283 726 320 viros
755 282 896 332 singuli
916 283 1120 330 vehebant,
1145 284 1243 321 (luos
1264 284 1376 334 clipe-
1400 307 1412 329 3

51 352 148 391 atos,
171 346 270 383 duos
297 345 526 394 sagittarios,
547 346 596 383 ab
623 354 789 395 utroque
819 347 936 384 latere
961 346 1191 395 dispositos:
1222 348 1378 397 aurigae

52 416 159 446 erant
179 409 308 454 ceteri,
327 409 430 446 haud
453 422 547 447 sane
568 409 755 457 inermes3
776 410 922 459 quippe
944 410 1069 448 iacula
1089 412 1288 459 conplura,
1312 412 1376 449 ubi

51 473 271 511 comminus
300 473 570 523 proeliandum
598 482 687 520 erat,
712 474 864 512 omissis
890 474 1050 512 habenis
1075 474 1112 511 in
1144 476 1296 513 hostem
1325 476 1377 513 in-

50 538 246 585 gerebant.
305 546 477 575 ceterum
506 537 569 574 vix
597 539 698 575 ullus
725 551 818 575 usus
845 538 957 576 huius
987 538 1118 576 auxilii
1139 552 1186 577 eo
1208 539 1271 577 die
1292 540 1371 578 fuit.
1397 562 1410 583 4

51 613 233 649 namque,
255 607 296 638 ut
325 613 440 650 supra
469 601 616 639 dictum
647 609 715 646 est,
739 601 864 640 imber
891 601 1099 640 violentius
1133 616 1251 651 quam
1282 603 1376 641 alias

51 665 158 703 susus
187 677 346 714 campos
373 665 540 703 lubricos
571 673 608 704 et
638 666 908 714 inequitabiles
930 667 1083 712 fecerat,
1104 679 1318 716 gravesque
1341 677 1377 705 et

51 730 336 778 propemodum
364 729 569 770 inmobiles
596 743 729 767 currus
750 729 893 768 inluvie
913 743 959 767 ac
978 730 1227 779 voraginibus
1247 731 1376 769 haere-

51 793 154 830 bant.
224 800 360 831 contra
387 794 610 831 Alexander
638 793 820 842 expedito
849 807 895 831 ac
926 793 1000 831 levi
1033 794 1188 843 agmine
1220 803 1375 833 strenue
1398 815 1410 837 5

50 856 226 895 invectus
258 865 325 895 est.
401 859 566 907 Scythae
596 866 633 895 et
666 859 804 895 Dahae
842 857 955 907 primi
986 859 1162 896 omnium
1201 858 1376 898 invasere

52 921 190 959 Indos:
221 921 449 959 Perdiccam
477 922 621 960 deinde
650 935 739 959 cum
767 922 960 971 equitibus
989 922 1028 960 in
1057 924 1232 961 dextrum
1254 937 1374 961 cornu

50 985 221 1023 hostium
242 986 382 1023 emisit.
437 986 512 1023 iam
534 986 707 1035 undique
728 1000 858 1035 pugna
878 1000 918 1025 se
939 996 1123 1033 moverat,
1143 1001 1231 1025 cum
1251 988 1288 1034 ii,
1311 989 1375 1037 qui
1397 1003 1411 1026 6

51 1062 181 1086 currus
208 1051 386 1098 agebant,
419 1050 514 1088 illud
543 1050 723 1088 ultimum
752 1050 938 1088 auxilium
968 1064 1125 1088 suorum
1149 1052 1220 1089 rati
1246 1052 1374 1090 effusis

51 1113 213 1150 habenis
242 1113 280 1150 in
306 1113 478 1151 medium
509 1114 717 1152 discrimen
741 1128 850 1152 ruere
876 1122 1099 1163 coeperunt.
1157 1128 1304 1165 anceps
1331 1116 1370 1153 id
1393 1138 1405 1159 7

51 1179 197 1214 malum
232 1177 404 1226 utrisque
435 1186 531 1215 erat:
573 1191 663 1215 nam
699 1186 736 1215 et
772 1179 1041 1216 Macedonum
1071 1179 1221 1227 pedites
1248 1179 1373 1228 primo

51 1240 197 1290 impetu
219 1242 495 1279 obterebantur
515 1249 552 1280 et
566 1255 634 1291 per
654 1242 801 1279 lubrica
819 1250 936 1291 atque
957 1242 1059 1279 invia
1075 1243 1223 1281 inmissi
1243 1257 1374 1281 currus

50 1305 296 1343 excutiebant
323 1319 401 1352 eOS,
423 1319 446 1343 a
472 1306 613 1354 quibus
637 1307 884 1354 regebantur:
923 1306 1087 1344 aliorum
1111 1307 1252 1345 turbati
1281 1308 1371 1357 equi
1393 1322 1408 1345 8

50 1383 131 1408 non
160 1370 199 1407 in
227 1370 429 1420 voragines
458 1371 580 1408 modo
615 1372 864 1419 lamnasque,
894 1372 963 1408 sed
996 1371 1113 1408 etiam
1147 1371 1187 1408 in
1217 1385 1375 1410 amnem

49 1433 351 1483 praecipitavere
372 1434 578 1472 curricula:
608 1434 723 1483 pauci
749 1434 834 1472 telis
855 1434 1025 1472 hostium
1057 1435 1182 1473 exacti
1202 1444 1375 1484 penetra-
1395 1459 1410 1482 9

49 1512 138 1537 vere
158 1499 207 1536 ad
230 1500 375 1536 Porum
394 1498 579 1536 acerrime
599 1511 771 1548 pugnam
796 1498 975 1536 cientem.
1035 1499 1077 1545 is,
1099 1507 1142 1537 ut
1168 1499 1376 1549 dissipatos

49 1571 133 1602 tota
160 1563 243 1601 acie
272 1576 404 1601 currus
432 1562 561 1612 vagari
589 1562 672 1600 sine
700 1562 913 1600 rectoribus
942 1562 1048 1608 vidit,
1071 1563 1256 1611 proximis
1285 1563 1377 1601 ami-

50 1641 184 1666 corum
209 1627 403 1665 distribuit
429 1627 668 1675 elephantos,
726 1634 814 1675 post
840 1640 907 1664 eos
931 1635 1113 1675 posuerat
1138 1628 1312 1676 peditem
1332 1641 1378 1666 ac
1401 1650 1431 1666 ιο

50 1691 265 1742 sagittarios
291 1696 323 1728 et
345 1698 529 1740 tympana
548 1691 700 1739 pulsare
721 1690 865 1728 solitos
907 1691 947 1728 id
968 1704 1037 1739 pro
1058 1699 1174 1729 cantu
1195 1692 1374 1729 tubarum

51 1755 160 1793 Indis
182 1763 273 1799 erat,
295 1767 369 1792 nec
398 1754 558 1803 strepitu
584 1767 717 1792 eorum
744 1755 1012 1800 movebantur,
1035 1755 1128 1792 olim
1157 1756 1209 1793 ad
1238 1763 1374 1793 notum

51 1833 192 1858 sonum
238 1818 394 1856 auribus
432 1818 626 1867 mitigatis.
706 1818 890 1855 Herculis
938 1818 1185 1856 simulacrum
1232 1819 1377 1868 agmini
1402 1841 1427 1856 η

50 1883 227 1933 peditum
264 1883 560 1932 praeferebatur.
619 1881 660 1920 id
693 1881 905 1918 maximum
939 1890 1020 1919 erat
1051 1882 1286 1919 bellantibus
1321 1882 1375 1919 in-

50 1947 314 1994 citamentum,
338 1954 376 1985 et
400 1945 617 1984 deseruisse
642 1954 836 1995 gestantes
861 1945 1024 1983 militare
1048 1945 1237 1994 flagitium
1260 1947 1377 1983 habe-

51 2011 170 2049 batur.
229 2011 365 2060 capitis
392 2010 509 2048 etiam
534 2017 742 2047 sanxerant
767 2023 937 2058 poenam
959 2009 1014 2055 iis,
1038 2009 1105 2058 qui
1127 2023 1173 2047 ex
1192 2009 1275 2047 acie
1297 2022 1375 2047 non
1401 2031 1428 2046 η

51 2074 297 2119 rettulissent,
319 2082 438 2121 metu,
454 2087 573 2123 quem
594 2086 640 2111 ex
658 2073 725 2110 illo
745 2074 857 2111 hoste
878 2074 1078 2121 quondam
1100 2079 1374 2121 conceperant,

50 2139 169 2178 etiam
189 2138 227 2175 in
248 2138 474 2187 religionem
494 2137 865 2185 venerationemque
879 2149 1079 2174 converso.
1130 2137 1374 2174 Macedonas

52 2217 132 2242 non
152 2203 354 2241 beluarum
374 2202 507 2248 modo,
529 2201 600 2240 sed
621 2200 736 2239 etiam
761 2200 880 2249 ipsius
903 2199 1002 2249 regis
1023 2207 1202 2249 aspectu„
1221 2212 1373 2248 parum-
