1563 2446
254 107 695 148 HISTORJARUM
723 107 924 144 ALEXA
933 107 1094 144 NDRJ
1124 107 1199 152 JX,
1234 119 1266 155 3.
1383 117 1433 156 59

109 193 268 243 quidem
288 194 414 232 vultis.
469 193 512 231 'in
545 193 756 231 solitudine
787 192 882 230 mihi
911 192 1047 230 videor
1076 204 1171 230 esse.
1232 204 1350 229 nemo
1380 204 1435 229 re-

109 260 288 307 spondet,
309 272 427 297 nemo
448 259 584 296 saltem
612 265 738 306 negat.
798 270 897 306 quos
926 257 1143 305 adloquor?
1174 255 1268 304 quid
1300 264 1432 292 autem
1454 275 1485 298 32

110 324 290 371 postulo?
359 331 526 361 vestram
560 322 723 371 gloriam
758 329 796 359 et
827 320 1140 370 magnitudinem
1174 319 1430 358 vindicamus.

110 386 176 424 ubi
207 394 297 425 sunt
327 387 390 434 illi,
416 401 582 436 quorum
617 394 815 425 certamen
844 387 961 436 paulo
981 393 1073 423 ante
1095 384 1173 422 vidi
1194 385 1434 422 contenden-

110 449 219 497 tium,
255 451 321 500 qui
355 451 602 500 potissimum
637 450 827 488 vulnerati
867 450 966 499 regis
1005 463 1144 498 corpus
1184 448 1433 497 exciperent?

109 514 295 561 desertus,
318 515 526 553 destitutus
557 528 655 562 sum,
681 515 860 553 hostibus
891 514 1057 552 deditus.
1118 514 1187 551 sed
1213 514 1317 551 solus
1343 525 1434 562 quo-
1455 533 1486 556 33

109 591 186 626 que
219 578 272 616 ire
304 579 571 628 perseverabo.
641 579 785 617 obicite
820 592 882 617 me
916 578 1143 617 fluminibus
1171 585 1208 616 et
1242 577 1367 615 beluis
1394 586 1432 615 et

109 643 182 680 illis
213 643 404 692 gentibus,
429 657 594 693 quarum
627 644 789 681 nomina
816 643 989 681 horretis.
1050 643 1259 689 inveniam,
1283 642 1348 692 qui
1369 643 1434 680 de-

109 716 255 746 sertum
294 722 317 747 a
353 709 467 747 vobis
508 718 744 758 sequantur:
793 710 959 758 Scythae
1008 708 1282 757 Bactrianique
1321 714 1433 745 erunt

108 785 276 819 mecum,
298 774 433 812 hostes
456 775 574 823 paulo
595 782 698 820 ante,
722 788 826 811 nunc
848 774 989 812 milites
1019 773 1149 811 nostri.
1210 772 1310 810 mori
1330 786 1436 822 prae·
1456 793 1487 816 34

108 846 193 885 stat,
217 852 335 888 quam
356 840 532 889 precario
552 840 829 889 imperatorem
851 852 947 877 esse.
1006 838 1058 877 ite
1087 839 1251 877 reduces
1273 839 1431 876 domos!

108 903 160 941 ite
181 905 338 942 deserto
358 918 448 953 rege
470 909 650 943 ovantes!
710 918 782 954 ego
803 904 867 942 hic
888 918 910 941 a
929 903 1041 942 vobis
1062 905 1292 953 desperatae
1312 903 1432 941 victo-

109 968 186 1006 riae
217 976 285 1006 aut
316 970 504 1007 honestae
536 969 651 1007 morti
683 971 813 1007 locum
841 969 1062 1007 inveniam)
1119 982 1168 1007 ne
1191 969 1246 1007 sic
1267 969 1428 1019 quidem
1449 969 1477 1012 3

109 1032 176 1070 ulli
208 1033 372 1070 militum
404 1047 480 1071 vox
513 1034 677 1083 exprimi
713 1034 851 1083 potuit.
926 1035 1199 1083 expectabant,
1234 1042 1276 1072 ut
1311 1035 1432 1072 duces

108 1097 384 1148 principesque
414 1101 465 1137 ad
497 1113 628 1149 regem
661 1101 886 1149 perferrent,
914 1099 1139 1137 vulneribus
1172 1106 1211 1137 et
1242 1099 1432 1137 continuo

108 1163 241 1201 labore
262 1163 422 1202 militiae
443 1164 623 1213 fatigatos
645 1178 725 1202 non
747 1165 964 1202 detrectare
981 1164 1127 1211 munia,
1152 1165 1220 1202 sed
1239 1165 1430 1203 sustinere

108 1239 188 1264 non
208 1239 334 1276 posse.
394 1235 568 1266 ceterum
600 1228 655 1265 illi
687 1236 795 1266 metu
828 1228 984 1266 attoniti
1005 1229 1044 1266 in
1066 1236 1207 1266 terram
1228 1242 1295 1267 ora
1316 1230 1432 1267 defix-

107 1298 227 1328 erant.
286 1291 401 1340 igitur
431 1292 558 1341 primo
590 1292 764 1330 fremitus
797 1306 868 1330 sua
900 1300 1050 1341 sponte⁷
1085 1293 1231 1331 deinde
1262 1293 1430 1343 gemitus
1450 1315 1465 1330 2

107 1368 266 1404 quoque
280 1355 409 1403 oritur,
428 1357 697 1406 paulatimque
714 1356 872 1394 liberius
888 1358 1002 1394 dolor
1017 1356 1110 1406 erigi
1126 1357 1256 1406 coepit
1273 1370 1432 1395 manan-

107 1420 211 1457 tibus
242 1420 422 1467 lacrimis,
443 1422 544 1459 adeo
576 1429 619 1459 ut
650 1435 717 1460 rex
748 1421 804 1458 ira
835 1421 875 1458 in
908 1421 1219 1460 misericordiam
1250 1436 1360 1460 versa
1381 1435 1430 1460 ne

106 1483 191 1532 ipse
211 1484 384 1533 quidem,
406 1498 646 1534 quamquam
668 1494 838 1535 cuperet,
862 1494 1080 1535 temperare
1101 1487 1225 1525 oculis
1246 1487 1427 1536 potuerit.

107 1548 268 1585 tandem
298 1548 478 1586 universa
509 1550 697 1588 contione
730 1551 890 1588 effusius
911 1551 1030 1589 flente
1052 1552 1213 1589 Coenus
1234 1564 1350 1589 ausus
1371 1559 1429 1590 est
1450 1563 1481 1595 3⁴

107 1613 382 1651 cunctantibus
414 1614 551 1652 ceteris
584 1615 745 1664 propius
777 1616 946 1654 tribunal
977 1617 1178 1662 accedere,
1208 1616 1429 1666 significans

108 1688 148 1713 se
168 1676 276 1725 loqui
296 1677 405 1715 velle.
465 1691 584 1727 quem
605 1687 647 1716 ut
667 1679 799 1717 videre
820 1679 962 1717 milites
983 1680 1257 1718 detrahentem
1276 1681 1429 1729 galeam
1449 1703 1464 1724 4

107 1739 333 1789 capiti—ita
349 1740 454 1778 enim
474 1754 604 1790 regem
626 1743 789 1792 adloqui
810 1756 896 1781 mos
919 1743 1177 1781 est—hortari
1199 1751 1427 1792 coeperunt,

106 1810 149 1841 ut
169 1816 328 1841 causam
349 1805 540 1843 exercitus
569 1814 711 1856 ageret.
770 1815 854 1845 tum
876 1809 1048 1855 Coenus,
1075 1808 1144 1846 ‘dii
1165 1808 1426 1857 prohibeant',
1450 1830 1464 1852 5

106 1868 243 1917 inquit,
268 1871 307 1906 ‘a
326 1869 439 1907 nobis
460 1869 585 1918 inpias
605 1878 777 1909 mentes:
799 1878 836 1909 et
856 1872 1034 1920 profecto
1054 1872 1271 1921 prohibent.
1323 1872 1429 1911 idem

107 1931 260 1969 animus
290 1939 348 1970 est
377 1932 464 1978 tuis,
485 1933 552 1982 qui
580 1933 651 1971 suit
679 1947 844 1983 semper,
867 1935 931 1980 ire,
952 1948 1032 1984 quo
1052 1935 1219 1981 iusseris,
1243 1948 1428 1984 pugnare,

108 1994 324 2042 periclitari,
359 1996 548 2044 sanguine
582 2006 717 2035 nostro
752 2000 1033 2037 commendare
1068 1999 1284 2048 posteritati
1318 2008 1429 2036 tuum

107 2070 263 2096 nomen.
322 2059 488 2108 proinde
516 2060 547 2098 si
573 2074 808 2110 perseveras,
831 2062 1000 2101 inermes
1028 2076 1188 2112 quoque
1216 2071 1254 2101 et
1275 2063 1371 2101 nudi
1390 2071 1430 2101 et

108 2134 314 2171 exangues,
329 2130 543 2173 utcumque
559 2126 630 2164 tibi
646 2127 755 2164 cordi
772 2135 840 2174 est,
857 2128 1057 2177 sequimur
1070 2129 1130 2166 vel
1144 2127 1425 2166 antecedimus.

108 2186 178 2224 sed
208 2185 240 2223 si
264 2186 397 2224 audire
428 2188 484 2225 vis
515 2201 596 2226 non
627 2191 737 2228 fictas
773 2198 930 2228 tuorum
950 2191 1118 2229 militum
1139 2203 1268 2236 voces,
1290 2203 1425 2228 verum
1446 2203 1464 2228 6

108 2249 338 2288 necessitate
358 2250 495 2289 ultima
514 2265 724 2302 expressas,
745 2255 902 2304 praebe,
924 2267 1083 2304 quaeso,
1107 2253 1294 2304 propitias
1316 2266 1427 2292 aures
