1563 2446
138 139 187 174 4²
571 127 617 176 Q.
665 127 854 165 CURTI
882 127 1038 165 RUFI

137 213 261 251 victor
294 220 425 251 tamen
461 225 628 261 magnae
656 211 842 250 victoriae
878 213 1026 261 speciem
1056 211 1254 250 sacrificiis
1288 219 1326 250 et
1359 212 1465 250 cultu

85 296 116 318 25
137 276 253 314 deum
276 276 374 314 fecit.
434 290 522 315 arae
544 276 582 313 in
604 284 713 326 petra
733 277 885 314 locatae
907 284 998 314 sunt
1027 276 1228 315 Minervae
1255 276 1467 315 Victoriae-

139 355 225 392 que.
285 341 448 379 ducibus
474 339 631 386 itineris,
660 352 740 389 quo
770 340 899 378 subire
929 339 1092 378 iusserat
1121 340 1256 378 leviter
1283 348 1466 387 armatos,

138 406 209 444 etsi
240 405 440 456 promissis
468 404 619 441 minora
647 403 932 452 praestiterant,
963 404 1128 452 pretium
1159 416 1248 440 curn
1278 404 1354 441 fide
1382 404 1467 442 red·

139 469 264 508 (litum
285 477 354 507 est.
412 477 543 518 petrae
570 467 818 517 regionisque
845 466 881 506 ei
900 467 1108 505 adiunctae
1129 467 1327 505 Sisocosto
1347 467 1468 506 tutela

140 532 335 581 permissa.

67 598 122 642 12
223 598 323 636 Inde
352 595 542 646 processit
569 594 793 633 Ecbolima:
824 602 862 633 et
889 607 978 632 curn
1005 594 1202 645 angustias
1230 594 1376 633 itineris
1402 594 1468 633 ob-

139 661 253 701 sideri
276 674 334 699 xx
354 661 510 698 milibus
530 668 767 698 armatorum
794 659 844 698 ab
875 660 988 698 Erice
1012 661 1184 709 quodam
1215 660 1465 710 conperisset,

138 726 290 776 gravius
311 738 452 775 agmen
468 724 659 763 exercitus
680 724 820 762 Coeno
840 724 1065 761 ducendum
1086 724 1251 762 modicis
1266 724 1467 764 itineribus

105 813 118 829 2
140 790 321 829 tradidit:
351 790 433 839 ipse
453 802 698 838 praegressus
718 795 792 838 pcr
809 788 1025 827 funditores
1044 802 1090 826 ac
1110 789 1326 839 sagittarios
1341 791 1468 828 detur-

143 854 254 901 batis,
271 853 337 904 qui
359 854 593 892 obsederant
609 854 762 899 saltum,
781 852 1035 902 sequentibus
1051 865 1091 890 se
1105 853 1229 902 copiis
1248 853 1350 890 viam
1363 853 1464 892 fecit.

105 941 119 963 3
142 919 231 958 Indi
252 919 333 957 sive
354 919 448 956 odio
469 917 590 963 ducis,
609 917 688 956 sive
708 917 872 966 gratiam
892 917 1048 955 victoris
1068 916 1199 955 inituri
1217 917 1355 956 Ericen
1375 918 1468 968 sugi-

139 991 270 1020 entem
309 981 436 1020 adorti
470 981 750 1023 interemerunt
779 989 976 1030 caputque
1014 980 1097 1019 eius
1129 989 1246 1030 atque
1279 994 1387 1019 arma
1415 982 1467 1020 ad

138 1047 407 1085 Alexandrum
463 1047 697 1084 detulerunt.
774 1045 839 1084 ille
889 1047 994 1083 sacto
1036 1044 1297 1095 inpunitatem
1343 1045 1464 1091 dedit,

140 1112 327 1148 honorem
349 1110 556 1159 denegavit
577 1109 768 1158 exemplo.

107 1198 121 1218 ⁴
224 1175 333 1213 Hinc
361 1175 412 1213 ad
441 1176 586 1212 flumen
617 1175 764 1212 Indum
794 1173 1090 1213 sextisdecumis
1123 1174 1258 1213 castris
1290 1175 1466 1225 pervenit

138 1238 360 1288 omniaque,
391 1246 434 1276 ut
470 1245 734 1287 praeceperat,
769 1239 820 1276 ad
854 1237 1114 1276 traiciendum
1152 1246 1380 1288 praeparata
1415 1239 1465 1277 ab

140 1303 439 1353 Hephaestione
468 1302 650 1351 repperit.
721 1303 911 1351 regnabat
945 1302 984 1339 in
1014 1315 1061 1340 ea
1090 1302 1248 1352 regione
1283 1303 1462 1352 Omphis,

106 1389 120 1411 5
141 1368 208 1417 qui
227 1367 325 1417 patri
345 1381 502 1417 quoque
523 1368 645 1405 suerat
666 1375 801 1405 auctor
816 1367 988 1405 dedendi
1008 1380 1169 1416 regnum
1190 1368 1412 1406 Alexandro
1427 1376 1464 1406 et

137 1440 226 1482 post
252 1440 420 1470 mortem
449 1432 622 1481 parentis
649 1433 799 1481 legatos
819 1432 986 1477 miserat,
1009 1431 1075 1480 qui
1095 1433 1342 1470 consulerent
1362 1446 1462 1478 eum,

135 1509 296 1546 regnare
325 1510 366 1534 se
395 1496 549 1534 interim
579 1497 707 1542 vellet,
728 1509 779 1533 an
808 1496 1001 1546 privatum
1031 1497 1198 1546 opperiri
1219 1497 1300 1535 eius
1320 1499 1464 1537 adven-

105 1575 120 1598 6
140 1569 235 1599 tum.
293 1560 560 1610 permissoque
588 1568 630 1598 ut
650 1569 838 1610 regnaret,
860 1573 939 1599 non
967 1569 1097 1598 tamen
1124 1561 1182 1598 ius
1203 1563 1338 1599 datum
1358 1575 1464 1600 usur-

137 1639 228 1675 pare
249 1624 440 1663 sustinuit.
472 1624 503 1662 is
524 1624 695 1674 benigne
708 1624 869 1673 quidem
888 1632 1091 1673 exceperat
1109 1625 1460 1674 Hephaestionem,

136 1690 347 1739 gratuitum
376 1690 614 1727 frumentum
641 1689 766 1738 copiis
795 1688 878 1727 eius
909 1689 1132 1736 admensus,
1160 1702 1240 1727 non
1270 1697 1402 1728 tamen
1426 1691 1462 1730 ei

105 1777 118 1800 7
139 1762 367 1801 occurrerat,
399 1768 448 1792 ne
478 1755 597 1792 fidem
629 1754 742 1792 ullius
780 1753 853 1791 nisi
886 1753 986 1803 regis
1024 1754 1270 1802 experiretur.
1328 1754 1462 1804 itaque

137 1818 307 1857 venienti
329 1818 485 1856 obviam
506 1831 596 1855 cum
616 1827 766 1855 armato
787 1817 956 1855 exercitu
972 1829 1148 1866 egressus
1164 1825 1241 1865 est;
1264 1818 1462 1867 elephanti

137 1895 296 1932 quoque
316 1895 385 1932 per
400 1882 557 1920 modica
577 1881 778 1919 intervalla
803 1881 969 1919 militum
990 1881 1136 1930 agmini
1157 1881 1305 1919 inmixti
1325 1884 1462 1931 procul

105 1948 387 1986 scastellorum
426 1948 598 1985 fecerant
636 1946 819 1995 speciem.
877 1959 923 1983 ae
957 1946 1083 1994 primo
1121 1947 1344 1985 Alexander
1379 1960 1461 1986 non

137 2011 300 2058 socium,
318 2013 388 2050 sed
403 2013 555 2050 hostem
573 2012 785 2049 adventare
801 2012 998 2056 credebat,
1021 2011 1177 2061 iamque
1194 2020 1231 2050 et
1251 2012 1335 2062 ipse
1354 2026 1462 2052 arma

136 2074 276 2113 milites
294 2088 432 2125 capere
452 2082 491 2113 et
511 2074 660 2124 equites
676 2075 879 2113 discedere
895 2074 934 2111 in
955 2087 1102 2112 cornua
1118 2075 1289 2120 iusserat,
1304 2084 1461 2125 paratus

137 2139 187 2177 ad
216 2151 397 2188 pugnam.
455 2145 495 2176 at
525 2139 648 2176 Indus
678 2138 836 2188 cognito
878 2139 1145 2177 Macedonum
1184 2153 1310 2178 errore
1347 2139 1461 2180 iussis

101 2224 117 2249 9
137 2203 343 2241 subsistere
363 2202 500 2241 ceteris
520 2202 603 2252 ipse
623 2202 793 2241 concitat
813 2216 968 2252 equum,
991 2216 1070 2252 quo
1092 2204 1325 2242 vehebatur:
1353 2203 1461 2244 idem

137 2267 357 2306 Alexander
379 2280 538 2317 quoque
564 2266 667 2314 fecit,
688 2266 768 2306 sive
797 2266 920 2306 hostis
945 2267 1025 2306 sive
1054 2267 1202 2306 amicus
1228 2275 1459 2316 occurreret,
