1563 2446
154 99 202 147 36
585 99 629 147 ρ.
677 99 867 137 CUJeTJ
899 99 1048 137 RUFI

99 207 128 231 35
148 187 225 225 lare
245 185 385 236 capital
408 192 474 224 est.
535 199 688 224 menses
709 184 747 222 in
769 185 910 235 quinos
931 186 1054 224 denos
1076 185 1353 236 discripserunt
1373 185 1469 235 dies,

98 265 129 295 3ss
148 251 239 289 anni
269 252 384 300 plena
413 250 537 300 spatia
567 258 776 289 servantur.
835 252 949 288 lunae
979 263 1091 287 cursu
1123 259 1260 288 notant
1280 259 1468 300 tempora,

150 328 241 360 non,
273 323 315 353 ut
343 315 528 364 plerique,
560 328 648 352 cum
691 315 825 351 orbem
867 314 974 351 sidus
1005 314 1176 363 inplevit,
1208 315 1277 353 scd
1308 329 1397 353 cum
1428 329 1470 354 se

149 393 306 418 curvare
323 379 452 429 coepit
470 379 504 416 in
524 392 679 425 cornua,
700 386 737 416 et
759 378 903 416 idcirco
924 378 1116 416 breviores
1138 379 1283 416 habent
1304 393 1467 424 menses),

97 465 128 490 37
148 443 213 493 qui
234 443 399 493 spatium
422 456 554 481 eorum
577 444 626 480 ad
649 443 753 479 hunc
774 443 888 480 lunae
919 443 1081 479 modum
1111 442 1287 491 dirigunt.
1348 445 1471 481 multa

149 516 188 546 et
216 508 290 546 alia
318 509 532 552 traduntur,
555 507 697 557 quibus
726 507 866 545 morari
897 507 1074 545 ordinem
1104 521 1231 545 rerum
1252 508 1358 546 haud
1379 521 1470 546 sane

151 585 292 622 operae
313 572 526 610 videbatur.

77 637 132 681 10
226 636 350 686 Igitur
370 637 594 674 Alexandro
622 636 718 673 fines
747 635 884 674 Indiae
912 635 1084 685 ingresso
1109 636 1285 686 gentium
1315 649 1469 675 suarum

151 702 269 752 reguli
311 708 572 747 occurrerunt,
614 700 802 749 imperata
840 701 985 748 facturi,
1027 701 1135 739 illum
1174 702 1329 740 tertium
1369 703 1466 740 Iove

148 767 322 815 genitum
350 767 400 803 ad
428 765 532 814 ipsos
556 765 777 814 pervenisse
805 773 1085 804 memorantes:
1115 774 1263 815 patrem
1288 766 1469 804 Liberum

148 841 266 881 atque
299 832 513 870 Herculem
543 832 645 868 fama
675 830 852 880 cognitos
883 844 976 875 esse,
1014 830 1142 880 ipsum
1169 844 1300 868 coram
1334 831 1471 870 adesse

114 916 129 934 2
149 897 342 945 cernique.
390 909 456 934 rex
477 895 645 944 benigne
666 904 850 944 exceptos
870 895 979 944 sequi
1002 895 1121 940 iussit,
1144 895 1269 933 isdem
1290 895 1470 934 itinerum

150 961 313 999 ducibus
347 974 496 998 usurus.
556 968 728 998 ceterum
764 973 854 997 cum
889 960 1057 1009 amplius
1093 973 1210 998 nemo
1241 969 1470 1006 occurreret,

152 1025 492 1074 Hephaestionem
513 1019 551 1062 et
573 1024 786 1062 Perdiccan
807 1037 896 1061 cum
918 1023 1117 1073 copiarum
1138 1032 1246 1073 parte
1273 1023 1471 1073 praemisit

150 1091 200 1128 ad
234 1090 482 1138 subigendos,
519 1088 585 1138 qui
619 1096 886 1127 aversarentur
928 1088 1158 1137 imperium:
1198 1088 1387 1137 iussitque
1421 1089 1470 1127 ad

153 1157 295 1193 flumen
319 1155 461 1192 Indum
483 1154 695 1204 procedere
723 1161 760 1191 et
787 1153 941 1202 navigia
967 1154 1103 1199 facere,
1126 1152 1212 1202 quis
1232 1152 1271 1190 in
1291 1152 1472 1191 ulteriora

116 1241 131 1266 3
153 1219 401 1269 transportari
431 1226 563 1268 posset
593 1218 796 1257 exercitus.
853 1217 918 1265 illi,
941 1217 1031 1267 quia
1052 1219 1161 1267 plura
1180 1217 1341 1255 flumina
1361 1230 1471 1267 supe-

152 1285 273 1323 randa
306 1292 424 1330 erant,
461 1284 516 1321 sic
549 1283 708 1322 iunxere
742 1296 872 1329 naves,
908 1291 949 1321 ut
983 1284 1136 1321 solutae
1169 1282 1348 1332 plaustris
1382 1282 1470 1321 vehi

115 1372 129 1395 ⁴
152 1358 309 1399 possent
330 1362 536 1398 rursusque
557 1347 753 1398 coniungi.
811 1355 901 1397 post
922 1361 963 1385 se
986 1349 1147 1386 Cratero
1167 1360 1257 1384 cum
1279 1348 1471 1396 phalange

151 1416 254 1452 iusso
283 1413 394 1463 sequi
422 1413 640 1462 equitatum
669 1426 715 1450 ac
745 1413 868 1450 levem
898 1420 1131 1449 armaturam
1152 1411 1285 1449 eduxit
1306 1424 1468 1460 eosque,

153 1480 219 1529 qui
248 1486 511 1524 occurrerunt,
534 1478 607 1516 levi
635 1478 785 1527 proelio
814 1478 854 1515 in
882 1479 1018 1515 urbem
1045 1477 1261 1526 proximam
1282 1476 1468 1526 conpulit.

119 1567 132 1589 5
155 1546 230 1582 iam
265 1551 539 1593 supervenerat
574 1545 767 1581 Craterus.
826 1542 958 1591 itaque
987 1550 1029 1580 ut
1058 1541 1250 1591 principio
1287 1549 1469 1580 terrorem

154 1610 343 1646 incuteret
371 1607 478 1657 genti
507 1609 685 1645 nondum
715 1620 822 1645 arma
851 1607 1120 1644 Macedonum
1151 1613 1344 1655 expertae,
1365 1618 1471 1655 prae-

154 1673 258 1723 cipit,
281 1686 330 1711 ne
350 1672 412 1710 cui
432 1680 663 1722 parceretur,
686 1671 939 1710 munimentis
968 1670 1084 1717 urbis,
1107 1683 1225 1719 quam
1252 1670 1469 1713 obsidebat,

119 1753 134 1776 6
157 1738 333 1777 incensis.
393 1745 576 1783 ceterum,
607 1737 702 1774 dum
731 1736 934 1785 obequitat
960 1735 1177 1781 moenibus,
1207 1734 1345 1784 sagitta
1372 1734 1470 1773 ictus

156 1802 258 1851 cepit
292 1810 424 1838 tamen
458 1800 660 1849 oppidum,
698 1807 734 1837 et
764 1799 948 1837 omnibus
981 1798 1118 1836 incolis
1156 1797 1238 1836 eius
1270 1796 1471 1835 trucidatis

154 1866 271 1904 etiam
293 1864 331 1902 in
353 1872 456 1902 tecta
476 1864 666 1902 saevitum
688 1872 753 1902 est.

121 1951 134 1975 7
234 1929 335 1966 Inde
365 1927 515 1966 domita
543 1927 703 1977 ignobili
732 1935 848 1976 gente
877 1929 926 1966 ad
957 1929 1106 1978 Nysam
1126 1929 1263 1968 urbem
1283 1927 1468 1978 pervenit.

154 1995 250 2031 sorte
279 1991 414 2029 castris
443 1998 534 2029 ante
564 1990 648 2040 ipsa
678 1991 834 2029 moenia
864 1991 902 2028 in
929 1991 1090 2030 silvestri
1117 1993 1205 2030 loco
1225 1991 1361 2040 positis
1381 2004 1473 2030 noc-

154 2066 310 2095 turnum
349 2055 465 2105 frigus
512 2054 783 2092 vehementius
828 2068 946 2103 quam
984 2055 1077 2092 alias
1114 2056 1271 2093 horrore
1309 2067 1472 2104 corpora

120 2138 134 2161 s
155 2122 308 2169 adfecit,
331 2128 675 2170 opportunumque
695 2121 912 2158 remedium
933 2120 1031 2169 ignis
1052 2121 1228 2158 oblatum
1250 2127 1317 2157 est.
1348 2119 1470 2157 caesis

155 2187 300 2236 quippe
327 2184 431 2223 silvis
458 2185 656 2222 flammam
683 2184 959 2229 excitaverunt,
983 2197 1083 2233 quae
1105 2183 1182 2233 igni
1202 2183 1293 2221 alita
1312 2183 1472 2234 oppida-

155 2264 294 2289 norum
324 2251 500 2300 sepulcra
529 2248 838 2298 comprehendit.
896 2256 1047 2286 vetusta
1078 2249 1195 2286 cedro
1229 2255 1337 2286 erant
1369 2248 1470 2286 facta
