1563 2446
106 241 120 265 5

141 134 190 184 56
575 134 620 183 Q.
661 135 851 174 CURTJ
881 135 1036 173 RUFI

141 220 306 260 dicebat.
349 219 593 260 incredibilia
613 220 691 272 regi
707 221 1097 261 omniavidebantur.
1138 221 1252 272 igitur
1267 224 1465 262 Porum—

140 298 230 323 nam
259 298 349 323 cum
380 299 428 324 eo
456 294 857 336 erat—percontatur,
879 299 929 324 an
959 299 1048 325 vera
1077 295 1216 333 essent,
1240 300 1341 336 quae
1361 286 1464 326 dice-

105 363 120 386 ο
141 357 280 388 rentur.
339 349 402 388 ille
431 350 530 388 vires
560 350 721 399 quidem
751 350 877 400 gentis
898 359 936 389 et
955 351 1062 400 regni
1084 352 1189 389 haud
1210 351 1308 390 falso
1329 351 1462 389 iactari

138 413 335 452 adfirmat:
365 421 548 460 ceterum,
571 414 638 463 qui
666 423 856 464 regnaret,
879 428 958 453 non
986 415 1108 453 modo
1129 415 1343 465 ignobilem
1364 428 1461 461 esse,

139 478 207 516 sed
229 478 347 516 etiam
368 478 527 516 ultimae
549 478 679 516 sortis:
710 479 854 528 quippe
880 488 1031 528 patrem
1059 479 1152 526 eius,
1174 487 1373 517 tonsorem
1399 478 1464 517 vix

139 542 280 580 diurno
301 550 463 591 quaestu
485 543 778 592 propulsantem
807 545 963 589 famem,
983 551 1141 592 propter
1160 543 1336 581 habitum
1356 543 1461 581 haud

106 627 119 650 7
140 606 368 644 indecorum
398 606 508 644 cordi
537 606 655 645 fuisse
684 607 850 656 reginae.
909 608 958 645 ab
979 620 1026 645 ea
1045 607 1082 644 in
1115 607 1338 657 propiorem
1368 607 1461 652 eius,

139 669 204 719 qui
236 678 318 708 tum
347 678 558 719 regnasset,
580 670 774 709 amicitiae
804 671 934 708 locum
964 672 1169 709 admotum
1190 671 1393 709 interfecto
1414 684 1462 709 eo

138 747 208 783 per
228 734 386 772 insidias
407 735 479 772 sub
501 734 631 783 specie
651 735 796 773 tutelae
816 734 979 772 liberum
997 734 1078 772 eius
1099 734 1283 773 invasisse
1298 747 1460 784 regnum

139 798 367 847 necatisque
387 798 516 848 pueris
538 800 654 845 hunc,
676 798 743 848 qui
764 811 870 836 nunc
889 806 1035 848 regnat,
1053 811 1272 848 generasse,
1293 798 1460 837 invisum

139 863 334 912 vilemque
365 863 632 912 popularibus,
654 863 778 912 magis
807 870 993 912 paternae
1022 863 1201 901 fortunae
1230 875 1347 911 quam
1369 875 1462 900 suae

103 940 117 963 ε
140 940 363 965 memorem.
423 927 642 965 adfirmatio
673 927 763 966 Pori
792 926 1050 976 multiplicem
1077 926 1210 965 animo
1241 926 1340 976 regis
1371 925 1462 965 inie-

138 999 243 1029 cerat
271 1004 414 1028 curam.
474 992 628 1029 hostem
660 991 873 1040 beluasque
905 991 1125 1040 spernebat,
1147 991 1264 1028 situm
1285 992 1461 1028 locorum

102 1076 119 1100 9
138 1062 177 1093 et
196 1056 274 1092 vim
295 1054 502 1092 fluminum
523 1055 823 1093 extimescebat:
854 1056 1046 1104 relegatos
1072 1054 1111 1092 in
1133 1055 1314 1092 ultimum
1334 1067 1460 1104 paene

86 1268 116 1284 10

86 1588 113 1604 11

83 2227 112 2249 ¹⁴

136 1132 263 1157 rerum
297 1120 557 1157 humanarum
595 1120 805 1157 terminum
838 1118 1021 1168 persequi
1056 1126 1095 1156 et
1128 1131 1261 1157 eruere
1295 1118 1461 1157 arduum

136 1183 352 1221 videbatur.
421 1196 551 1221 rursus
589 1183 750 1220 avaritia
787 1182 933 1233 gloriae
972 1190 1010 1220 et
1048 1181 1277 1220 insatiabilis
1317 1182 1462 1232 cupido

135 1248 261 1285 famae
281 1247 378 1285 nihil
397 1246 558 1294 invium,
580 1247 676 1285 nihil
696 1256 891 1285 remotum
918 1245 1040 1285 videri
1069 1246 1230 1285 sinebat.
1291 1254 1329 1284 et
1349 1246 1462 1285 inter-

138 1312 231 1348 dum
260 1311 478 1358 dubitabat,
500 1325 550 1349 an
581 1312 835 1358 Macedones,
859 1319 917 1349 tot
946 1311 1095 1349 emensi
1116 1311 1241 1360 spatia
1261 1319 1459 1358 terrarum,

137 1375 177 1412 in
198 1375 281 1413 acie
301 1384 340 1414 et
359 1375 399 1412 in
420 1375 554 1413 castris
575 1388 687 1414 senes
714 1375 817 1421 facti,
839 1388 909 1425 per
935 1375 1089 1413 obiecta
1114 1375 1286 1421 flumina,
1308 1388 1376 1424 per
1403 1383 1461 1414 tot

138 1446 297 1477 naturae
329 1440 530 1478 obstantes
561 1440 811 1478 difficultates
843 1439 1012 1478 secuturi
1033 1448 1180 1477 essent:
1212 1440 1459 1478 abundantes

138 1511 382 1552 onustosque
402 1503 549 1552 praeda
568 1503 692 1552 magis
712 1512 823 1552 parta
851 1503 922 1540 frui
942 1504 1051 1549 velle,
1075 1516 1194 1552 quam
1215 1504 1460 1552 adquirenda

137 1566 296 1616 fatigari.
355 1579 438 1604 non
469 1567 574 1605 idem
607 1567 680 1605 sibi
712 1575 750 1605 et
781 1567 969 1605 militibus
997 1567 1117 1604 animi
1146 1580 1250 1606 esse:
1278 1581 1316 1604 se
1340 1567 1460 1606 totius

137 1630 241 1669 orbis
261 1630 468 1679 imperium
489 1638 621 1669 mente
652 1632 889 1680 conplexum
909 1631 1039 1668 adhuc
1060 1631 1098 1668 in
1119 1644 1282 1680 operum
1302 1644 1459 1669 suorum

136 1695 351 1745 primordio
390 1703 515 1734 stare:
562 1695 726 1734 militem
772 1696 904 1734 labore
943 1696 1198 1745 defetigatum
1237 1695 1457 1745 proximum

102 1781 113 1795 2
135 1772 331 1809 quemque
358 1760 526 1797 fructum
556 1759 667 1798 finito
705 1760 865 1798 tandem
903 1759 1077 1809 periculo
1115 1767 1308 1809 expetere.
1366 1758 1459 1798 vicit

137 1836 228 1872 ergo
248 1822 393 1871 cupido
413 1822 615 1868 rationem,
638 1831 675 1861 et
702 1824 751 1861 ad
779 1823 1006 1861 contionem
1032 1823 1180 1861 vocatis
1200 1823 1386 1861 militibus
1405 1824 1457 1862 ad

135 1887 240 1924 hunc
260 1886 428 1924 maxime
448 1887 610 1924 modum
633 1887 829 1925 disseruit:
858 1891 955 1925 ‘non
975 1887 1124 1936 ignoro,
1146 1886 1299 1933 milites,
1320 1888 1454 1933 multa,

136 1963 236 1999 quae
263 1958 403 1988 terrere
428 1963 499 1988 vos
525 1959 698 2000 possent,
719 1951 769 1988 ab
796 1951 935 1988 incolis
963 1950 1103 1988 Indiae
1123 1963 1192 2000 per
1211 1951 1284 1988 hos
1304 1950 1387 1989 dies
1406 1951 1456 1990 de

100 2036 112 2058 3
135 2013 324 2052 industria
345 2027 429 2052 esse
450 2013 608 2051 iactata:
639 2015 708 2052 sed
739 2027 820 2052 non
841 2022 898 2052 est
919 2014 1116 2064 inprovisa
1136 2014 1247 2052 vobis
1267 2014 1457 2053 mentien-

136 2078 233 2116 tium
253 2078 412 2116 vanitas.
445 2077 500 2115 sic
521 2077 682 2116 Ciliciae
704 2079 844 2124 fauces,
867 2078 923 2115 sic
945 2077 1260 2127 Mesopotamiae
1280 2091 1453 2128 campos,

135 2141 283 2191 Tigrim
317 2149 356 2180 et
390 2143 630 2191 Euphraten,
665 2155 831 2191 quorum
864 2142 1028 2179 alterum
1062 2142 1164 2179 vado
1195 2142 1453 2188 transivimus,

133 2207 297 2244 alterum
328 2215 461 2256 ponte,
496 2205 705 2244 terribilem
739 2206 910 2244 fecerant
946 2206 1097 2243 Persae.
1156 2218 1372 2254 numquam
1401 2207 1455 2245 ad

135 2270 326 2320 liquidum
347 2271 450 2308 sama
471 2269 711 2320 perducitur:
741 2269 875 2308 omnia
903 2268 969 2307 illa
997 2269 1174 2308 tradente
1195 2269 1343 2308 maiora
1363 2277 1454 2309 sunt
