1563 2446
124 143 177 178 44
557 129 601 178 ρ.
649 129 836 168 CURTJ
865 128 1019 167 RUFI

123 230 236 267 aegre
256 216 417 262 tulisset,
435 217 542 266 quod
557 215 703 255 Clitum
719 216 769 253 ob
786 214 940 263 linguae
956 214 1211 253 temeritatem
1229 212 1448 260 occidisset,

124 281 217 319 iram
248 281 406 330 quidem
437 280 573 326 tenuit,
605 280 673 318 sed
703 279 798 317 dixit
827 278 980 316 invidos
1010 278 1188 316 homines
1218 277 1312 316 nihil
1343 279 1449 316 aliud

124 358 241 394 quam
262 345 434 394 ipsorum
456 358 539 382 esse
561 351 764 381 tormenta.

52 409 107 453 13
206 411 368 448 Postero
384 408 447 447 die
467 408 581 457 legati
600 407 785 445 Abisarae
801 406 931 445 adiere
951 420 1096 456 regem.
1153 406 1284 445 omnia
1303 406 1449 445 dicioni

124 473 217 520 eius,
235 474 287 512 ita
301 481 340 511 ut
355 474 583 510 mandatum
602 480 693 518 erat,
710 471 988 521 permittebant
1005 489 1011 510 :
1041 474 1268 522 firmataque
1283 472 1449 510 invicem

94 559 107 574 2
128 538 204 576 fide
224 537 472 575 remittuntur
491 536 542 573 ad
562 548 704 584 regem.
748 536 890 577 Porum
912 548 1071 584 quoque
1088 535 1256 573 nominis
1274 535 1331 573 sui
1349 536 1451 572 sarna

123 609 226 639 ratus
257 603 307 639 ad
345 600 589 639 deditionem
624 612 738 648 posse
777 599 960 647 conpelli,
991 599 1093 637 misit
1131 601 1182 637 ad
1213 613 1302 637 eum
1339 599 1451 637 Cleo-

125 667 278 712 charen,
312 665 378 714 qui
410 663 656 703 denuntiaret
688 663 734 709 ei,
770 671 812 701 ut
844 662 1082 712 stipendium
1121 664 1308 713 penderet
1340 671 1377 702 et
1411 663 1448 701 in

123 731 249 780 primo
270 744 429 768 suorum
451 729 587 767 finium
609 728 717 766 aditu
747 737 966 766 occurreret
986 728 1075 777 regi.
1137 730 1259 767 Porus
1287 729 1450 766 alterum

126 810 172 834 ex
200 796 259 833 his
289 797 480 833 facturum
516 807 599 831 sese
633 792 846 841 respondit,
876 800 917 830 ut
951 792 1109 830 intranti
1142 806 1306 842 regnum
1337 805 1449 830 suum

91 883 104 905 ς,
127 869 279 910 praesto
318 868 430 906 esset,
470 860 540 898 sed
582 865 761 895 armatus,
838 856 915 894 iam
965 858 1183 907 Hydaspen
1231 857 1452 895 Alexander

125 940 305 976 superare
325 927 560 970 decreverat,
583 936 673 961 cum
702 924 946 968 Barzaentes‚
969 921 1200 961 defectionis
1228 920 1451 959 Arachosiis

124 999 271 1038 auctor,
289 990 441 1028 vinctus
462 989 695 1038 trigintaque
710 987 907 1036 elephanti
929 987 1043 1025 simul
1060 987 1161 1036 capti
1176 987 1450 1036 perducuntur,

125 1063 389 1105 opportunum
411 1055 596 1092 adversus
618 1053 741 1091 Indos
758 1052 961 1095 auxilium3
984 1051 1129 1101 quippe
1146 1052 1232 1100 plus
1254 1050 1292 1088 in
1313 1049 1449 1096 beluis,

90 1141 102 1162 ⁴
125 1133 242 1169 quam
264 1118 304 1156 in
324 1118 492 1156 exercitu
516 1117 598 1167 spei
619 1129 665 1154 ac
684 1115 822 1152 virium
840 1115 912 1153 illis
928 1123 1018 1154 erat.
1077 1117 1264 1153 Samaxus
1280 1126 1450 1163 quoque,

124 1198 189 1222 rex
218 1183 379 1232 exiguae
408 1182 526 1231 partis
557 1182 759 1225 Indorum,
788 1179 855 1229 qui
886 1179 1087 1218 Barzaenti
1118 1192 1159 1217 se
1188 1178 1451 1224 coniunxerat,

91 1270 103 1292 5
125 1249 276 1286 vinctus
297 1248 490 1285 adductus
510 1254 577 1285 est.
609 1245 724 1295 igitur
740 1245 937 1294 transfuga
958 1252 995 1282 et
1010 1245 1143 1293 regulo
1164 1243 1202 1280 in
1218 1241 1449 1288 custodiam,

126 1312 342 1362 elephantis
368 1321 498 1350 autem
525 1311 649 1349 Taxili
679 1310 830 1349 traditis
859 1310 909 1347 ad
938 1322 1094 1347 amnem
1126 1309 1345 1358 Hydaspen
1369 1320 1452 1357 per-

124 1377 242 1423 venit,
264 1377 303 1414 in
331 1376 440 1414 cuius
470 1375 652 1414 ulteriore
677 1376 759 1425 ripa
784 1377 907 1413 Porus
935 1373 1167 1412 consederat
1186 1371 1347 1410 transitu
1368 1385 1452 1420 pro-

93 1455 109 1478 c>
129 1441 318 1479 bibiturus
348 1441 511 1478 hostem.
564 1452 676 1477 Lxxx
706 1448 743 1478 et
772 1451 797 1476 v
826 1439 1056 1487 elephantos
1085 1436 1280 1475 obiecerat
1309 1435 1450 1474 eximio

125 1519 333 1555 corporum
362 1506 502 1543 robore
532 1505 708 1553 ultraque
738 1517 805 1542 eos
835 1516 966 1541 currus
996 1513 1070 1540 CCC
1093 1509 1131 1540 et
1158 1501 1334 1550 peditum
1362 1512 1451 1537 xxx

125 1571 203 1608 sere
232 1569 348 1615 milia,
381 1569 419 1606 in
449 1568 535 1617 quis
566 1575 674 1606 erant
712 1567 906 1618 sagittarii,
939 1565 1052 1604 sicuti
1081 1573 1170 1603 ante
1202 1564 1349 1602 dictum
1380 1573 1447 1610 est,

96 1655 110 1678 7
130 1633 369 1683 gravioribus
396 1632 494 1679 telis,
516 1645 633 1681 quarn
660 1640 703 1670 ut
727 1639 816 1681 apte
846 1630 976 1669 excuti
1002 1636 1173 1679 possent.
1230 1628 1359 1677 ipsum
1389 1641 1450 1667 ve·

125 1697 242 1735 hebat
262 1697 492 1745 elephantus
513 1709 628 1745 super
643 1703 790 1734 ceteras
804 1696 939 1734 beluas
953 1694 1139 1739 eminens,
1157 1705 1342 1742 armaque
1355 1706 1450 1731 auro

125 1768 163 1799 et
182 1768 342 1810 argento
363 1761 547 1798 distincta
573 1774 714 1810 corpus
740 1774 846 1798 rarae
870 1757 1149 1809 magnitudinis
1175 1758 1445 1797 honestabant.

125 1837 194 1873 par
221 1824 374 1862 animus
402 1823 532 1862 robori
562 1823 746 1873 corporis,
777 1831 815 1862 et
843 1832 990 1872 quanta
1018 1822 1117 1860 inter
1149 1822 1265 1860 rudes
1299 1830 1449 1871 poterat

91 1901 105 1924 s
126 1900 210 1926 esse
230 1887 428 1936 sapientia.
490 1888 734 1925 Macedonas
761 1900 841 1925 non
861 1894 1096 1936 conspectus
1116 1885 1287 1923 bostium
1309 1887 1447 1933 solum,

124 1953 192 1990 sed
213 1952 330 1990 etiam
352 1951 532 1998 fluminis,
555 1952 659 2000 quod
682 1952 961 1990 transeundum
982 1958 1073 1997 erat,
1088 1950 1317 1999 magnitudo
1337 1959 1451 1991 terre-

124 2018 200 2055 bat.
261 2028 325 2054 1111
355 2016 394 2054 in
424 2016 670 2056 latitudinem
699 2015 825 2054 stadia
853 2015 1015 2053 diffusus
1044 2015 1240 2063 profundo
1267 2016 1379 2054 alveo
1411 2025 1449 2055 et

93 2102 109 2126 9
129 2094 321 2130 nusquam
350 2082 451 2118 vada
479 2080 676 2129 aperiente
706 2080 877 2130 speciem
907 2079 1003 2117 vasti
1031 2079 1144 2117 maris
1164 2080 1317 2118 fecerat.
1376 2093 1449 2119 nec

126 2158 195 2194 pro
216 2144 341 2194 spatio
362 2158 551 2193 aquarum
567 2146 643 2184 late
663 2145 925 2194 stagnantium
942 2145 1130 2193 impetum
1146 2145 1362 2191 coercebat,
1379 2145 1448 2183 sed

126 2211 235 2258 quasi
262 2209 301 2247 in
328 2216 453 2247 artum
477 2209 711 2248 coeuntibus
736 2209 829 2258 ripis
858 2216 1007 2247 torrens
1035 2217 1072 2247 et
1101 2208 1217 2247 elisus
1241 2209 1443 2255 ferebatur,

125 2275 358 2324 occultaque
378 2287 469 2313 saxa
495 2274 621 2314 inesse
643 2275 906 2315 ostendebant
931 2274 1108 2325 pluribus
1128 2273 1224 2314 locis
1244 2274 1372 2312 undae
1392 2287 1446 2313 re-
