1563 2446
243 104 577 144 JlJSTORlAR
587 103 682 141 UM
711 101 1079 139 ALEXANDRI
1108 101 1186 145 IX,
1221 111 1251 148 7.
1354 110 1399 148 71

103 192 318 241 Martisque
347 189 554 229 discrimen
584 188 790 238 inpavidus
820 187 969 225 subibo.
1037 186 1240 236 Philippus
1269 186 1307 223 in
1342 186 1424 225 acie
1446 207 1475 231 :5

100 256 229 303 tutior,
251 269 368 305 quam
398 255 437 292 in
466 255 616 292 theatro
645 253 733 290 suit:
763 252 934 290 hostium
964 264 1102 289 manus
1132 264 1246 300 saepe
1275 249 1419 296 vitavit,

100 334 257 360 suorum
285 321 450 369 effugere
476 331 555 355 non
581 317 710 355 valuit.
770 317 931 354 aliorum
962 329 1120 365 quoque
1140 328 1275 364 regum
1295 314 1420 352 exitus

100 388 130 424 si
164 384 440 436 reputaveritis,
471 385 600 433 plures
629 397 652 421 a
680 382 759 420 suis
789 395 906 431 quam
935 382 984 419 ab
1022 381 1134 418 hoste
1167 379 1421 428 interemptos

100 448 360 488 numerabitis.
417 455 602 492 ceterum,
623 446 809 495 quoniam
834 445 927 483 olim
953 443 1007 482 rei
1030 443 1195 493 agitatae
1224 442 1263 480 in
1292 442 1424 481 animo
1444 456 1476 480 26

101 525 189 550 meo
209 525 313 550 nunc
333 511 573 561 promendae
594 509 748 547 occasio
770 509 900 547 oblata
915 515 982 554 est,
999 507 1095 544 mihi
1111 507 1303 545 maximus
1318 507 1422 546 labo-

100 589 183 614 rum
209 584 326 625 atque
356 587 518 625 operum
548 587 725 612 meorum
753 573 823 611 erit
843 574 1001 619 fructus,
1024 572 1055 610 si
1076 571 1278 621 Olympias
1299 579 1421 610 mater

100 639 364 678 inmortalitati
401 646 661 683 consecretur,
703 637 942 687 quandoque
981 636 1188 675 excesserit
1225 636 1312 674 vita.
1389 635 1420 674 si

99 704 256 751 licuerit,
293 704 374 754 ipse
408 704 613 753 praestabo
645 703 743 740 hoc:
772 702 803 739 si
835 715 898 740 me
924 700 1162 750 praecepelit
1187 700 1321 746 fatum,
1351 713 1420 738 vos

99 770 304 807 mandasse
343 768 610 806 mementote.y
667 780 713 804 ac
750 774 833 804 tum
872 766 1033 815 quidem
1071 765 1218 802 amicos
1257 763 1419 802 dimisit:

97 842 269 872 ceterum
290 847 358 883 per
377 834 583 882 conplures
604 831 687 870 dies
707 831 759 869 ibi
779 830 916 869 stativa
934 830 1081 868 habuit.

179 899 293 936 Haec
313 899 406 936 dum
427 897 465 934 in
488 896 603 934 India
622 903 815 945 geruntur,
834 895 973 933 Graeci
993 895 1134 932 milites
1154 907 1278 944 nuper
1297 893 1336 931 in
1356 907 1419 932 co·
1437 894 1464 938 7

98 962 222 1000 lonias
242 975 264 1000 a
283 975 371 1011 rege
392 961 551 999 deducti
572 960 674 997 circa
699 962 838 997 Bactra
863 966 946 997 orta
974 958 1074 996 inter
1096 958 1201 1007 ipsos
1227 957 1420 996 seditione

98 1027 331 1073 defecerant,
354 1039 433 1063 non
455 1033 533 1063 tam
547 1025 772 1062 Alexandro
792 1023 943 1069 infensi,
961 1036 1080 1071 quam
1100 1030 1207 1060 metu
1227 1021 1416 1071 supplicii.

97 1091 241 1141 quippe
266 1090 402 1129 occisis
430 1090 663 1139 quibusdam
687 1088 944 1138 popularium,
972 1087 1040 1136 qui
1067 1086 1272 1124 validiores
1296 1094 1416 1134 erant,
1438 1108 1452 1123 2

97 1169 202 1194 arma
221 1162 394 1204 spectare
415 1161 627 1203 coeperunt
652 1160 690 1191 et
712 1152 917 1190 Bactriana
935 1165 1033 1199 arce,
1057 1164 1156 1200 quae
1177 1164 1269 1188 casu
1295 1152 1422 1200 negle-

95 1219 248 1269 gentius
267 1220 469 1257 adservata
488 1225 578 1264 erat,
601 1225 792 1266 occupata
817 1217 999 1255 barbaros
1019 1228 1176 1265 quoque
1203 1215 1243 1252 in
1263 1214 1422 1253 societa-

97 1292 176 1322 tem
196 1284 425 1333 inpulerant.
463 1282 743 1320 Athenodorus
764 1288 844 1319 erat
864 1280 1043 1330 princeps
1064 1292 1210 1324 eorum,
1232 1279 1300 1328 qui
1318 1279 1417 1329 regis
1438 1300 1452 1322 3

98 1362 255 1398 quoque
276 1361 421 1386 nomen
441 1348 722 1396 adsumpserat,
742 1359 822 1383 non
835 1353 914 1383 tam
928 1344 1079 1394 imperii
1091 1344 1287 1393 cupidine,
1303 1357 1420 1393 quam

98 1413 136 1450 in
157 1412 318 1462 patriam
339 1410 557 1449 revertendi
577 1423 666 1447 cum
688 1410 743 1457 iis,
766 1409 833 1459 qui
854 1409 1125 1447 auctoritatem
1145 1408 1266 1457 ipsius
1286 1420 1421 1457 seque-

97 1479 245 1516 bantur.
303 1477 394 1515 huic
416 1476 532 1514 Biton
553 1475 712 1525 quidam
734 1475 902 1513 nationis
923 1474 1110 1520 eiusdem,
1128 1475 1198 1512 sed
1218 1474 1269 1512 ob
1289 1487 1417 1512 aemu-
1438 1496 1453 1518 4

97 1543 283 1581 lationem
304 1542 467 1580 infestus
487 1541 713 1591 conparavit
733 1540 893 1579 insidias
913 1540 1197 1588 invitatumque
1217 1540 1268 1577 ad
1288 1540 1420 1588 epulas

97 1620 165 1656 per
178 1608 330 1645 Boxum
343 1607 540 1655 quendam
558 1605 806 1655 Margianum
823 1605 862 1642 in
878 1604 1059 1643 convivio
1073 1603 1227 1642 occidit.
1260 1612 1417 1653 postero
1438 1625 1452 1647 5

97 1671 160 1710 die
176 1671 358 1709 contione
372 1672 561 1708 advocata
575 1670 661 1708 Bito
677 1671 777 1707 ultro
790 1669 1015 1707 insidiatum
1031 1668 1103 1706 sibi
1119 1669 1421 1706 Athenodorum

98 1735 288 1784 plerisque
317 1742 577 1784 persuaserat:
605 1735 675 1772 sed
703 1734 787 1772 aliis
817 1741 997 1782 suspecta
1023 1740 1103 1770 erat
1129 1733 1231 1769 fraus
1256 1731 1419 1778 Bitonis,

97 1806 135 1836 et
155 1798 341 1847 paulatim
362 1798 401 1835 in
420 1799 549 1847 plures
570 1797 701 1846 coepit
720 1810 877 1835 manare
893 1795 1065 1845 suspitio.
1125 1795 1257 1845 itaque
1278 1795 1417 1834 Graeci
1438 1809 1452 1832 6

98 1864 238 1902 milites
268 1877 375 1902 arma
402 1863 561 1913 capiunt
591 1862 756 1901 occisuri
781 1862 977 1908 Bitonem,
999 1861 1030 1899 si
1059 1861 1216 1898 daretur
1244 1859 1419 1899 occasio:

97 1936 269 1967 ceterum
306 1928 499 1978 principes
538 1941 673 1966 eorum
711 1927 806 1965 iram
840 1925 1101 1964 multitudinis
1134 1925 1418 1974 mitigaverunt.

98 2000 248 2042 praeter
275 2006 383 2042 spem
412 2006 522 2030 suam
555 1992 671 2029 Biton
697 1991 890 2040 praesenti
917 1990 1089 2040 periculo
1120 1996 1272 2038 ereptus
1300 1990 1418 2038 paulo
1439 2010 1452 2032 7

98 2066 186 2108 post
205 2063 256 2095 est
274 2057 476 2095 insidiatus
497 2057 719 2094 auctoribus
739 2057 872 2094 salutis
893 2069 1003 2094 suae:
1033 2054 1142 2092 cuius
1157 2055 1249 2092 dolo
1263 2053 1420 2102 cognito

98 2130 136 2160 et
173 2121 301 2170 ipsum
338 2122 705 2170 conprehenderunt
744 2128 782 2159 et
821 2122 985 2158 Boxum.
1054 2126 1227 2157 ceterum
1266 2119 1420 2155 Boxum
1439 2131 1454 2155 s

98 2185 274 2237 protinus
320 2185 464 2234 placuit
510 2184 684 2231 interfici,
726 2184 908 2222 Bitonem
946 2183 1064 2222 etiam
1101 2195 1170 2231 per
1206 2181 1420 2219 cruciatum

100 2248 237 2288 necari.
323 2248 479 2297 iamque
525 2248 678 2297 corpori
723 2255 917 2286 tormenta
963 2247 1283 2292 admovebantur,
1329 2258 1421 2284 cum
