1563 2446
147 85 196 121 So
579 81 624 130 Q.
662 81 849 120 CURTJ
879 80 1033 117 RUFI

74 170 130 214 10
231 169 337 208 Hinc
361 170 565 207 adversum
583 168 728 205 {lumen
755 166 858 204 subit
878 165 1010 203 classis
1026 173 1062 203 et
1082 166 1203 203 altero
1224 164 1286 202 die
1306 164 1470 214 adpulsa

145 241 202 274 est
223 234 326 272 haud
350 234 482 283 procul
503 234 589 270 lacu
610 233 722 276 salso,
745 230 856 268 cuius
883 229 1080 278 incognita
1105 238 1239 267 natura
1265 231 1468 278 plerosque

146 299 301 348 decepit
334 306 478 336 temere
510 296 702 345 ingressos
735 307 888 343 aquam.
948 293 1093 342 quippe
1124 293 1273 330 scabies
1306 305 1468 342 corpora

147 363 297 409 invasit,
334 370 371 400 et
405 360 629 409 contagium
664 358 789 396 morbi
824 357 940 395 etiam
976 357 1014 393 in
1045 357 1141 394 alios
1172 358 1369 405 vulgatum
1400 365 1469 394 est.

112 449 126 465 2
147 429 277 465 oleum
298 425 472 464 remedio
494 424 572 461 suit.
634 425 839 460 Leonnato
860 421 1003 458 deinde
1025 420 1249 469 praemisso,
1272 428 1313 457 ut
1334 429 1472 469 puteos

148 493 309 537 foderet,
328 503 405 539 qua
426 487 592 526 terrestri
613 486 748 524 itinere
770 486 956 523 ducturus
979 484 1189 522 exercitum
1206 484 1474 522 videbatur—

147 555 293 605 quippe
323 554 427 591 sicca
452 561 531 590 erat
553 551 657 599 regio
677 573 730 577 —
749 549 831 598 ipse
853 561 942 585 cum
964 547 1088 597 copiis
1110 548 1289 594 substitit,
1311 560 1472 586 vernum

114 640 128 664 3
148 628 301 668 tempus
321 625 542 667 expectans.
589 614 740 652 interim
755 622 792 651 et
813 613 928 651 urbes
942 614 1143 662 plerasque
1160 612 1346 650 condidit.
1399 614 1475 650 Ne-

148 685 266 722 archo
287 690 404 731 atque
426 679 648 719 Onesicrito
670 677 849 715 nauticae
870 676 923 714 rei
945 676 1076 725 peritis
1098 676 1311 725 imperavit,
1329 684 1370 714 ut
1385 676 1474 713 vali-

151 748 330 786 dissimas
378 745 537 783 navium
585 743 826 781 deducerent
872 740 912 778 in
951 754 1144 779 oceanum
1191 740 1473 790 progressique,

151 812 284 862 quoad
317 818 402 848 tuto
433 816 605 858 possent,
634 815 810 844 naturam
837 805 953 843 maris
983 814 1213 844 noscerent:
1244 807 1303 844 vel
1333 807 1473 844 eodem

151 889 265 914 amne
299 876 360 913 vel
397 874 595 922 Euphrate
627 870 754 909 subire
789 883 856 908 eos
891 882 1017 919 posse,
1051 883 1138 907 cum
1179 869 1315 908 reverti
1353 870 1402 907 ad
1435 882 1475 908 se

151 942 305 978 vellent.
510 989 514 993 ἴ

117 1028 131 1050 4
233 1006 397 1052 Iamque
424 1001 599 1051 mitigata
632 999 761 1038 hieme
796 1007 834 1038 et
860 999 1035 1044 navibus,
1065 1012 1164 1048 quae
1192 998 1347 1036 inutiles
1373 997 1478 1036 vide-

117 1091 130 1113 5
150 1070 302 1114 bantur,
325 1066 503 1105 crematis
533 1074 633 1103 terra
662 1065 831 1102 ducebat
860 1063 1084 1102 exercitum.
1145 1063 1257 1101 nonis
1281 1063 1414 1101 castris
1438 1063 1477 1100 in

154 1133 351 1183 regionem
383 1130 586 1175 Arabiton,
619 1129 711 1167 inde
746 1128 910 1166 totidem
947 1128 1084 1165 diebus
1122 1127 1161 1164 in
1201 1127 1477 1165 Cedrosiorum

154 1205 382 1248 perventum
405 1203 470 1233 est.
521 1194 617 1232 liber
637 1193 700 1230 hic
721 1194 888 1242 populus
909 1191 1077 1230 concilio
1098 1191 1232 1230 habito
1253 1191 1403 1230 dedidit
1423 1205 1476 1237 se,

154 1276 227 1302 nec
260 1261 471 1311 quicquam
507 1258 649 1298 deditis
682 1266 833 1307 praeter
866 1264 1110 1294 commeatus
1149 1256 1377 1305 imperatum
1409 1264 1475 1294 est.

119 1342 134 1366 6
154 1328 291 1377 quinto
311 1326 403 1363 hinc
425 1325 488 1362 die
504 1323 609 1362 venit
630 1323 679 1360 ad
701 1323 870 1360 flumen:
900 1322 1076 1359 Arabum
1097 1321 1248 1359 incolae
1269 1323 1476 1371 appellant.

154 1391 260 1442 regio
290 1391 443 1428 deserta
472 1396 509 1426 et
538 1400 726 1436 aquarum
753 1386 866 1435 inops
887 1385 1038 1435 excipit.
1099 1398 1217 1434 quam
1239 1399 1419 1424 emensus
1440 1386 1479 1424 in

155 1456 285 1495 Oritas
316 1453 474 1492 transit:
509 1451 562 1489 ibi
588 1450 773 1488 maiorem
802 1450 992 1488 exercitus
1021 1457 1170 1499 partem
1194 1450 1480 1499 Hephaestioni

154 1518 323 1563 tradidit,
364 1519 490 1555 levem
529 1523 762 1553 armaturam
800 1527 891 1551 cum
932 1515 1162 1552 Ptolomaeo
1197 1515 1481 1563 Leonnatoque

123 1606 136 1629 7
157 1583 320 1634 partitus
350 1588 417 1619 est.
477 1579 549 1618 tria
577 1579 691 1617 simul
721 1578 877 1627 agmina
905 1579 1194 1627 populabantur
1223 1579 1356 1625 Indos,
1379 1591 1482 1627 mag-

157 1660 309 1696 naeque
340 1645 507 1694 praedae
537 1651 646 1680 actae
672 1651 784 1679 sunt:
814 1642 1028 1679 maritimos
1050 1643 1310 1686 Ptolomaeus,
1331 1650 1481 1681 ceteros

160 1713 241 1761 ipse
263 1723 329 1748 rex
350 1717 387 1746 et
408 1709 456 1746 ab
477 1707 552 1744 alia
571 1714 679 1755 parte
702 1708 926 1744 Leonnatus
947 1706 1119 1743 urebant.
1171 1705 1209 1743 in
1231 1707 1304 1743 hac
1324 1720 1481 1756 quoque

155 1775 311 1825 regione
332 1773 467 1810 urbem
488 1770 676 1815 condidit,
699 1770 932 1818 deductique
954 1778 1041 1807 sunt
1063 1770 1101 1806 in
1123 1783 1208 1807 eam
1230 1771 1443 1810 Arachosii.

120 1853 134 1877 s
236 1837 344 1875 Hinc
364 1834 537 1885 pervenit
557 1835 607 1871 ad
628 1833 841 1871 maritimos
859 1834 991 1871 Indos.
1042 1834 1232 1871 desertam
1254 1842 1482 1884 vastamque

156 1903 355 1952 regionem
376 1902 452 1938 late
473 1907 606 1937 tenent
626 1912 671 1936 ac
693 1912 740 1936 ne
771 1911 860 1935 cum
884 1898 1057 1935 finitimis
1085 1898 1247 1947 quidem
1272 1900 1352 1937 ullo
1379 1913 1484 1937 com-

121 1991 136 2015 9
156 1967 290 2006 mercii
310 1966 391 2003 iure
412 1964 632 2001 miscentur.
693 1962 776 2011 ipsa
796 1962 966 2000 solitudo
988 1971 1122 2000 natura
1149 1977 1304 2012 quoque
1334 1963 1484 2002 inmitia

157 2030 327 2071 efferavit
348 2029 502 2079 ingenia
521 2043 527 2065 :
557 2027 779 2077 prominent
801 2039 949 2076 ungues
971 2040 1187 2075 numquam
1207 2027 1330 2074 recisi,
1346 2040 1484 2067 comae

107 2120 137 2136 ιο
155 2097 324 2135 hirsutae
355 2102 393 2133 et
422 2093 599 2131 intonsae
624 2099 722 2129 sunt.
782 2091 934 2140 tuguria
953 2091 1114 2128 conchis
1135 2101 1173 2129 et
1194 2091 1330 2130 ceteris
1350 2105 1486 2143 purga-

159 2160 300 2199 mentis
320 2157 435 2197 maris
456 2157 660 2195 instruunt.
719 2156 882 2193 ferarum
903 2155 1069 2205 pellibus
1099 2155 1191 2194 tecti
1212 2155 1383 2206 piscibus
1403 2158 1484 2196 sole
