1563 2446
208 71 539 110 HISTORIAR
550 71 644 109 ΠΜ
672 68 1042 107 ALEXANDRJ
1081 68 1197 114 ΠΗ,
1238 81 1272 116 9.
1357 81 1379 118 3
1385 79 1405 118 3

88 172 205 201 aurea
241 157 378 197 lectica
410 155 621 206 margaritis
660 153 1071 204 circumpendentibus
1110 154 1291 193 recubat:
1337 154 1409 193 (lis-

90 225 209 262 tincta
229 229 319 260 sunt
339 234 431 259 auro
451 229 488 259 et
509 233 678 270 purpura
698 221 869 265 carbasa,
892 232 993 268 quae
1023 218 1181 256 indutus
1202 226 1278 256 est:
1306 219 1410 256 lecti-

89 300 174 325 cam
214 293 427 334 sequuntur
469 284 606 322 armati
649 283 899 333 corporisque
943 283 1138 328 custodes,
1178 281 1278 321 inter
1314 296 1412 331 quos

89 351 204 390 ramis
241 363 331 388 aves
368 349 554 399 pendent,
594 361 691 397 quas
729 354 846 385 cantu
886 346 991 385 seriis
1034 347 1149 388 rebus
1187 345 1410 395 obstrepere

90 415 319 454 docuerunt.
378 413 481 461 regia
511 420 663 450 auratas
693 413 897 449 columnas
927 411 1070 449 habet:
1100 417 1202 448 totas
1232 423 1297 448 eas
1325 409 1412 448 vitis

90 490 184 515 auro
227 477 375 515 caelata
418 475 614 525 percurrit,
659 474 878 524 aviumque,
918 487 1081 523 quarum
1119 473 1201 511 visu
1241 474 1408 512 maxime

89 541 273 591 gaudent,
313 547 517 590 argenteae
556 538 702 588 effigies
741 551 859 588 opera
898 537 1152 587 distinguunt.
1212 538 1314 588 regia
1347 539 1410 576 ad-

91 606 272 645 euntibus
310 613 427 655 patet,
468 617 556 643 cum
597 604 781 653 capillum
821 603 940 653 pectit
979 611 1096 652 atque
1134 610 1268 643 ornat:
1316 610 1407 641 tunc

90 683 276 720 responsa
295 668 562 719 legationibus,
584 676 678 706 tunc
698 668 780 706 iura
799 667 1050 717 popularibus
1079 667 1218 705 reddit.
1276 667 1409 716 demp-

92 737 139 774 tis
176 735 292 774 soleis
329 734 514 774 odoribus
556 733 770 771 inlinuntur
812 733 944 782 pedes.
1019 740 1182 770 venatus
1221 731 1410 769 maximus
1433 745 1461 767 :⁶

92 801 202 839 labor
220 807 276 838 est
297 799 444 837 inclusa
463 798 608 836 vivario
634 797 816 836 animalia
843 798 942 836 inter
967 805 1057 836 vota
1084 805 1298 846 cantusque
1319 796 1409 846 peli-

93 878 182 903 cum
207 866 332 914 figere.
392 863 528 902 binum
557 862 776 901 cubitorum
797 862 958 912 sagittae
980 870 1080 908 sunt,
1103 875 1199 911 quas
1228 861 1409 899 emittunt

93 929 239 967 maiore
268 928 354 966 nisu
384 940 500 977 quam
530 928 688 965 effectu:
718 926 863 976 quippe
892 927 1026 972 telum,
1048 925 1157 963 cuius
1187 926 1226 963 in
1255 925 1410 964 levitate

92 994 149 1032 vis
178 993 304 1032 omnis
334 1001 403 1039 est,
425 992 585 1030 inhabili
611 992 785 1041 pondere
817 1000 1008 1029 oneratur.
1068 990 1244 1029 breviora
1274 990 1410 1029 itinera
1431 1012 1442 1027 ε

93 1071 197 1108 equo
226 1057 402 1095 conficit:
433 1056 584 1105 longior
612 1056 679 1094 ubi
709 1055 905 1105 expeditio
935 1063 1004 1101 est,
1036 1054 1232 1104 elephanti
1263 1055 1409 1093 vehunt

94 1136 258 1169 currum,
281 1130 319 1160 et
339 1129 532 1160 tantarum
552 1121 755 1159 beluarum
782 1133 944 1169 corpora
969 1127 1051 1158 tota
1070 1127 1282 1168 contegunt
1303 1133 1406 1157 auro.

93 1201 140 1225 ac
168 1200 217 1225 ne
246 1186 341 1237 quid
370 1186 530 1236 perditis
559 1185 732 1224 moribus
762 1185 873 1232 desit,
911 1183 1057 1223 lecticis
1087 1184 1211 1223 aureis
1240 1184 1409 1233 pelicum

93 1252 232 1300 longus
263 1251 360 1288 ordo
393 1250 584 1299 sequitur:
616 1257 836 1299 separatum
868 1263 891 1287 a
920 1249 1074 1299 reginae
1106 1248 1243 1287 ordine
1269 1262 1408 1298 agmen

95 1324 152 1354 est
169 1323 387 1365 aequatque
406 1315 607 1353 luxuriam.
666 1315 832 1353 feminae
863 1315 996 1364 epulas
1016 1321 1161 1363 parant.
1220 1314 1269 1352 ab
1290 1314 1412 1352 isdem

93 1381 227 1419 vinum
260 1380 506 1425 ministratur,
541 1379 650 1417 cuius
685 1379 867 1417 omnibus
902 1378 1012 1416 Indis
1046 1378 1172 1427 largus
1215 1385 1273 1416 est
1305 1391 1407 1415 usus.

92 1459 222 1497 regem
250 1459 357 1484 mero
387 1458 604 1494 somnoque
634 1444 804 1494 sopitum
832 1444 872 1481 in
898 1442 1121 1482 cubiculum
1147 1442 1290 1492 pelices
1319 1444 1412 1480 refe-

93 1519 191 1559 runt,
214 1510 339 1560 patrio
368 1510 539 1548 carmine
560 1509 734 1548 noctium
755 1509 981 1547 invocantes
1002 1509 1106 1546 deos.
1167 1507 1252 1556 quis
1282 1509 1413 1545 credat
1433 1529 1446 1551 3

93 1575 192 1614 inter
217 1576 316 1614 haec
343 1575 435 1613 vitia
463 1588 594 1612 curam
622 1587 706 1613 esse
735 1573 969 1623 sapientiae?
1024 1585 1147 1610 unum
1186 1580 1334 1621 agreste
1374 1580 1412 1610 et

93 1640 292 1679 horridum
326 1653 448 1688 genus
483 1648 551 1686 est,
588 1640 697 1688 quod
738 1638 932 1688 sapientes
968 1644 1121 1675 vocant.
1198 1637 1302 1686 apud
1341 1636 1411 1674 hos
1433 1658 1446 1680 3

95 1718 286 1754 occupare
314 1705 380 1742 fati
410 1704 514 1743 diem
543 1704 761 1753 pulchrum,
792 1710 830 1741 et
862 1702 970 1741 vivos
1001 1715 1041 1740 se
1071 1701 1232 1739 cremari
1263 1701 1408 1745 iubent,

95 1769 236 1818 quibus
267 1777 334 1807 aut
364 1768 489 1818 segnis
520 1776 625 1807 aetas
659 1776 725 1805 aut
756 1767 1010 1805 incommoda
1040 1766 1214 1804 valitudo
1247 1774 1322 1803 est:
1352 1779 1412 1803 ex-

94 1841 289 1883 pectatam
310 1842 475 1871 mortem
495 1846 565 1882 pro
596 1833 790 1871 dedecore
811 1832 912 1870 vitae
938 1832 1095 1878 habent,
1119 1844 1191 1868 nec
1213 1832 1311 1868 ullus
1333 1843 1412 1868 cor-

95 1898 263 1947 poribus,
299 1911 400 1948 quae
430 1905 609 1936 senectus
650 1897 773 1945 solvit,
814 1897 941 1935 honos
984 1896 1175 1934 redditur:
1218 1895 1411 1944 inquinari

1432 176 1462 198 24

1434 304 1462 325 ΤΞ

1433 431 1445 446 ;’
1450 426 1463 445 εἰ

1432 560 1462 582 ²⁸7

95 1968 234 2010 putant
253 1961 394 2010 ignem,
417 1960 490 1998 nisi
509 1960 576 2010 qui
596 1960 783 2010 spirantes
804 1959 953 2009 recipit.
1009 1959 1073 2006 illi,
1096 1958 1164 2008 qui
1189 1958 1229 1996 in
1255 1958 1414 1996 urbibus
1435 1978 1465 2001 33

95 2025 260 2074 publicis
302 2026 474 2064 moribus
517 2027 675 2075 degunt,
712 2025 884 2063 siderum
926 2032 1055 2062 motus
1098 2023 1192 2062 scite
1238 2030 1412 2072 spectare

97 2089 279 2128 dicuntur
307 2098 345 2128 et
372 2091 500 2128 futura
526 2089 760 2139 praedicere.
833 2102 908 2128 nec
937 2101 1176 2138 quemquam
1205 2088 1413 2125 admovere

97 2152 164 2191 leti
193 2153 298 2192 diem
327 2155 502 2200 credunt,
525 2153 587 2192 cui
615 2161 819 2203 expectare
848 2153 1021 2191 interrito
1048 2152 1172 2189 liceat.
1231 2152 1326 2189 deos
1346 2163 1415 2199 pu·
1435 2171 1447 2194 ς

99 2224 194 2264 tant,
216 2217 409 2267 quidquid
438 2219 564 2256 colere
594 2225 816 2267 coeperunt,
838 2219 992 2256 arbores
1021 2216 1200 2263 maxime,
1223 2228 1318 2264 quas
1337 2213 1415 2252 vio-

1223 2303 1322 2338 3-2
