1563 2446
199 84 203 89 ι
259 104 692 143 HISTORJARLM
722 103 1093 141 ALEXANDRI
1121 102 1198 148 IX,
1237 114 1272 138 2.
1383 111 1430 151 57

109 204 211 231 vero.
269 198 403 230 nostra
423 204 582 240 quoque
602 189 736 240 gloria,
758 202 848 227 cum
876 188 924 226 sit
951 202 998 226 ex
1025 187 1163 234 solido,
1186 188 1273 237 plus
1301 194 1432 225 tamen

109 256 226 294 habet
247 255 428 301 nominis,
451 268 570 304 quam
597 254 734 304 operis.
794 253 916 291 modo
947 253 1033 302 quis
1063 252 1197 290 beluas
1228 252 1434 289 offerentes
1457 271 1486 294 13

109 319 310 357 moenium
350 318 531 368 speciem,
571 319 657 368 quis
699 318 920 367 Hydaspen
958 329 1128 362 amnem,
1172 315 1259 365 quis
1303 323 1433 353 cetera

108 383 243 422 auditu
268 383 415 422 maiora
444 396 563 433 quam
593 395 686 420 vero
718 381 896 420 sustineri
923 393 1038 430 posse
1062 380 1269 419 credebat?
1325 379 1430 425 olim,

108 449 277 495 hercule,
298 447 530 496 fugissemus
551 461 599 486 ex
619 446 724 493 Asia,
748 446 779 483 si
799 459 871 484 nos
892 445 1046 483 fabulae
1072 444 1268 482 debellare
1288 443 1432 493 potuis-

108 519 204 549 sent.
263 511 472 549 creditisne
503 512 802 560 elephantorum
832 522 968 559 greges
998 507 1165 546 maiores
1195 521 1290 553 esse,
1313 521 1432 557 quam
1456 521 1486 544 ιε

108 588 273 625 usquam
304 584 570 614 armentorum
601 582 704 620 sunt,
740 587 830 611 cum
866 581 905 611 et
935 586 1063 611 rarum
1096 572 1145 610 sit
1176 571 1322 609 animal
1357 585 1430 609 nec

108 639 218 678 facile
238 639 415 689 capiatur
441 641 644 688 multoque
673 638 866 676 difficilius
886 637 1107 686 mitigetur?
1162 636 1270 685 atqui
1291 636 1430 673 eadem
1455 656 1483 679 17

106 703 255 741 vanitas
271 703 405 752 copias
425 703 602 753 peditum
624 702 879 752 equitumque
899 701 1126 738 numeravit.
1158 713 1250 737 nam
1271 700 1428 745 flumen,

106 780 184 816 quo
205 767 318 805 latius
339 769 467 805 fusum
488 775 558 812 est,
580 768 657 805 hoc
677 766 870 816 placidius
890 772 1058 814 stagnat:
1089 764 1236 813 quippe
1256 763 1430 813 angustis

106 831 197 880 ripis
217 832 387 870 coercita
407 839 445 869 et
465 831 503 869 in
525 831 789 880 angustiorem
809 831 963 867 alveum
984 829 1078 867 elisa
1097 836 1287 867 torrentes
1308 841 1429 877 aquas

106 895 305 942 invehunt,
327 903 463 933 contra
489 895 616 944 spatio
642 894 741 932 alvei
773 894 928 943 segnior
948 906 1082 931 cursus
1103 900 1170 931 est.
1230 902 1430 942 praeterea
1454 906 1483 929 13

106 959 145 996 in
166 959 249 1009 ripa
269 972 386 998 omne
406 959 624 1009 periculum
656 967 725 1003 est,
748 958 815 996 ubi
846 958 1091 1006 adplicantes
1122 956 1276 1006 navigia
1306 956 1429 994 hostis

106 1031 295 1073 expectat.
379 1023 433 1061 ita
470 1030 834 1072 quantumcumque
881 1022 1026 1059 flumen
1065 1021 1284 1068 intervenit,
1322 1021 1428 1059 idem

104 1088 276 1125 futurum
306 1087 514 1125 discrimen
544 1095 602 1125 est
631 1085 883 1125 evadentium
912 1086 952 1123 in
983 1093 1133 1124 terram.
1194 1086 1260 1123 sed
1298 1085 1430 1123 onmia
1452 1106 1482 1130 ι.)

105 1150 178 1189 ista
197 1164 288 1189 vera
307 1164 392 1189 esse
412 1152 616 1201 fingamus.
674 1158 854 1188 utrumne
881 1163 951 1188 vos
972 1149 1202 1199 magnitudo
1223 1150 1426 1187 beluarum

104 1228 154 1252 an
174 1215 385 1253 multitudo
405 1215 577 1253 hostium
598 1217 736 1253 terret?
794 1215 902 1263 quod
923 1213 1090 1263 pertinet
1110 1214 1160 1251 ad
1182 1214 1425 1262 elephantos,

103 1292 287 1328 praesens
307 1279 496 1317 habemus
517 1280 753 1328 exemplum:
786 1278 825 1315 in
847 1291 938 1316 suos
958 1277 1228 1316 vehementius
1249 1290 1368 1326 quam
1388 1277 1428 1315 in

104 1356 175 1381 nos
196 1342 505 1381 incucurrerunt:
537 1350 615 1380 tam
644 1350 753 1380 vasta
775 1355 940 1391 corpora
960 1342 1162 1380 securibus
1182 1341 1426 1390 falcibusque

103 1407 280 1445 mutilata
299 1414 399 1444 sunt.
437 1406 532 1455 quid
553 1415 685 1444 autem
706 1406 877 1452 interest,
896 1405 1063 1443 totidem
1085 1405 1172 1451 sint,
1191 1413 1287 1454 quot
1305 1407 1428 1443 Porus
1448 1426 1480 1442 20

103 1470 250 1518 habuit,
272 1483 322 1508 an
344 1482 390 1508 111
413 1470 531 1516 milia,
549 1483 638 1507 cum
659 1482 739 1507 uno
759 1478 825 1507 aut
841 1471 963 1507 altero
983 1468 1194 1507 vulneratis
1215 1477 1366 1507 ceteros
1386 1468 1427 1506 in

102 1535 233 1583 fugam
273 1534 460 1572 declinari
496 1535 716 1572 videamus?
783 1533 875 1571 dein
906 1546 1054 1582 paucos
1089 1545 1247 1582 quoque
1281 1532 1426 1571 incom-

102 1599 219 1636 mode
239 1606 396 1647 regunt:
425 1605 661 1647 congregata
686 1611 778 1636 vero
806 1605 864 1635 tot
884 1597 992 1634 milia
1012 1596 1096 1647 ipsa
1115 1610 1157 1635 se
1177 1596 1339 1644 elidunt,
1361 1596 1427 1634 ubi
1449 1617 1478 1635 2:

102 1675 175 1700 nec
195 1669 294 1699 stare
315 1675 389 1700 nec
409 1663 541 1710 fugere
560 1661 760 1711 potuerint
780 1661 974 1699 inhabiles
995 1669 1194 1699 vastorum
1214 1674 1422 1710 corporum

101 1727 235 1764 moles.
294 1725 479 1774 equidem
500 1725 554 1763 sic
575 1725 758 1763 animalia
777 1725 851 1763 ista
871 1726 1101 1774 contempsi,
1123 1733 1177 1772 ut,
1200 1738 1291 1762 cum
1311 1725 1426 1763 habe-

101 1802 183 1827 rem
215 1789 310 1838 ipse,
343 1803 424 1827 non
458 1789 722 1839 opposuerim‚
759 1789 851 1827 satis
884 1802 1038 1839 gnarus,
1072 1790 1159 1838 plus
1194 1789 1271 1826 suis
1306 1802 1425 1838 quam

101 1853 277 1892 hostibus
311 1854 474 1903 periculi
507 1854 657 1894 inferre.
734 1861 776 1891 at
814 1853 919 1891 enim
958 1853 1135 1902 equitum
1168 1853 1425 1902 peditumque
1447 1875 1476 1891 22

101 1916 311 1955 multitudo
339 1931 410 1956 vos
439 1920 680 1955 commovet!
736 1930 827 1954 cum
847 1917 982 1966 paucis
1002 1917 1108 1955 enim
1127 1930 1299 1967 pugnare
1321 1917 1422 1955 soliti

101 1979 192 2018 estis
212 1987 251 2018 et
271 1993 377 2018 nunc
397 1981 565 2030 primum
586 1980 830 2018 inconditam
852 1980 1091 2019 sustinebitis
1112 1981 1275 2018 turbam.
1316 1981 1424 2018 testis
1445 2002 1476 2025 23

100 2044 287 2081 adversus
306 2044 598 2082 multitudinem
619 2043 753 2082 invicti
772 2045 1042 2082 Macedonum
1061 2044 1211 2083 roboris
1232 2044 1422 2082 Granicus

100 2105 226 2144 amnis
256 2114 294 2145 et
324 2107 462 2146 Cilicia
481 2108 672 2145 inundata
691 2121 828 2146 cruore
850 2110 1055 2146 Persarum
1075 2115 1114 2146 et
1133 2109 1289 2154 Arbela,
1311 2108 1421 2145 cuius

99 2169 227 2218 campi
247 2170 489 2208 devictorum
509 2184 532 2208 a
550 2171 666 2208 nobis
686 2172 838 2209 ossibus
859 2172 964 2209 strati
985 2180 1085 2209 sunt.
1144 2184 1229 2209 sero
1250 2170 1420 2209 hostium
1442 2193 1473 2215 24

98 2233 272 2284 legiones
303 2246 504 2272 numerare
535 2234 731 2285 coepistis,
752 2242 962 2285 postquam
983 2234 1235 2274 solitudinem
1255 2235 1295 2273 in
1325 2235 1420 2275 Asia
