1563 2446
245 63 578 101 HJSTORJAR
589 64 684 101 (Ais
712 64 1082 102 ALEXANDA’J
1113 66 1189 111 ΛΥ,
1222 79 1253 113 9.
1371 78 1416 113 77

183 147 244 186 Ibi
282 147 426 185 diutius
466 147 673 185 subsistere
718 155 888 193 coaeum,
935 147 1027 196 quia
1067 148 1187 185 duces
1219 148 1466 193 socordius9

101 211 291 250 adservati
317 213 574 261 profugerant,
603 210 717 257 misit,
747 210 812 259 qui
833 211 1105 260 conquirerent
1136 211 1243 258 alios,
1267 225 1339 249 nec
1370 225 1423 249 re-

102 275 217 324 pertis
233 275 412 324 pervicax
432 274 575 324 cupido
591 274 741 312 visendi
758 287 949 312 oceanum
970 275 1221 324 adeundique
1238 275 1422 313 terminos

101 340 237 377 mundi
258 340 339 377 sine
360 339 525 389 regionis
546 339 675 388 peritis
696 339 844 377 flumini
865 339 998 389 ignoto
1018 348 1133 389 caput
1153 354 1266 378 suum
1287 348 1422 389 totque

102 404 395 442 fortissimorum
433 404 602 441 virorum
635 405 799 441 salutem
838 404 1060 453 permittere
1098 407 1212 452 cffiggrsl.
1272 406 1422 455 naviga·
1443 427 1457 444 2

101 468 193 505 bant
222 481 312 517 ergo
342 467 529 514 omnium,
561 480 630 516 per
659 480 758 516 quae
788 468 1019 514 ferebantur,
1043 467 1175 517 ignari.
1231 477 1419 517 quantum

100 531 190 569 inde
221 533 372 569 abesset
403 544 519 578 mare,
557 544 655 580 quae
687 539 821 580 gentes
855 533 1037 578 colerent,
1073 545 1190 581 quam
1221 533 1419 581 placidum

98 596 222 633 amnis
256 609 310 642 os,
333 609 449 644 quam
482 595 634 645 patiens
666 597 864 645 longarum
894 596 1048 634 navium
1075 604 1187 642 esset,
1215 610 1358 646 anceps
1382 604 1420 634 et

98 672 214 697 caeca
244 660 460 697 aestimatio
492 661 773 709 augurabatur:
807 674 928 698 unum
960 668 1039 698 erat
1072 660 1299 698 temeritatis
1325 661 1421 698 sola·
1441 681 1457 704 3

98 723 200 760 cium
221 732 406 773 perpetua
426 724 597 762 felicitas.
658 725 732 762 iam
755 736 852 763 cccc
877 726 1000 763 stadia
1029 732 1306 774 processerant,
1329 738 1418 762 cum

97 787 372 834 gubernatores
400 790 638 838 adgnoscere
666 789 770 838 ipsos
799 802 932 826 auram
959 789 1073 827 maris
1100 797 1138 827 et
1158 790 1263 826 haud
1283 791 1418 838 procul

98 851 217 888 videri
239 851 310 889 sibi
331 865 522 890 oceanum
543 854 678 891 abesse
699 853 873 890 indicant
894 853 983 902 regi.
1044 855 1167 891 laetus
1188 853 1253 891 ille
1274 854 1415 891 hortari
1436 875 1451 896 ⁴

98 917 273 956 nauticos
307 919 446 968 coepit,
483 920 751 957 incumberent
782 919 918 958 remis:
957 920 1094 957 adesse
1125 920 1243 957 finem
1275 920 1417 957 laboris

98 983 276 1020 omnibus
310 984 409 1021 votis
443 983 679 1032 expetitum:
719 984 793 1021 iam
829 983 923 1021 nihil
953 984 1095 1033 gloriae
1134 985 1281 1029 deesse,
1322 984 1417 1021 nihil

98 1047 248 1085 obstare
278 1047 418 1093 virtuti,
455 1047 537 1084 sine
572 1048 650 1085 ullo
686 1047 822 1084 Martis
853 1047 1087 1092 discrimine,
1119 1046 1201 1084 sine
1230 1047 1416 1096 sanguine

98 1111 230 1148 orbem
251 1119 372 1149 terrae
391 1112 440 1149 ab
461 1111 533 1148 illis
553 1111 640 1160 capi
657 1126 663 1148 1
693 1124 741 1148 ne
758 1119 933 1148 naturam
949 1111 1107 1159 quidem
1129 1110 1281 1160 longius
1302 1123 1416 1159 posse

97 1176 329 1222 procedere:
367 1175 473 1213 brevi
506 1175 703 1224 incognita
735 1175 809 1212 nisi
842 1175 1110 1212 inmortalibus
1141 1188 1225 1212 esse
1255 1175 1413 1213 visuros.

96 1252 241 1288 paucos
275 1247 404 1277 tamen
436 1239 588 1288 navigio
622 1239 749 1277 emisit
782 1240 821 1276 in
848 1240 984 1288 ripam,
1011 1239 1077 1288 qui
1105 1248 1273 1288 agrestes
1299 1253 1415 1289 vagos
1437 1259 1450 1283 3

95 1304 325 1353 exciperent,
349 1317 369 1342 e
389 1305 530 1353 quibus
551 1304 713 1342 certiora
733 1304 841 1341 nosci
861 1317 975 1353 posse
996 1305 1183 1353 sperabat.
1243 1304 1296 1341 illi
1316 1317 1416 1342 scru-

96 1367 164 1405 tati
180 1368 311 1406 onmia
326 1369 476 1418 tuguria
489 1369 646 1406 tandem
664 1369 826 1406 latentes
842 1381 1054 1417 repperere.
1102 1368 1167 1417 qui
1182 1367 1412 1417 interrogati,
1436 1381 1451 1405 6

96 1446 213 1481 quam
234 1434 368 1482 procul
387 1434 539 1471 abesset
560 1446 677 1479 mare,
696 1433 979 1481 responderunt
1004 1433 1154 1469 nullum
1181 1432 1285 1481 ipsos
1309 1445 1414 1469 mare

95 1509 143 1534 ne
173 1497 277 1533 fama
306 1496 465 1546 quidem
504 1496 723 1546 accepisse:
764 1504 934 1534 ceterum
972 1495 1084 1534 tertio
1123 1495 1185 1533 die
1223 1495 1414 1544 perveniri

94 1573 208 1609 posse
235 1561 284 1598 ad
311 1573 452 1609 aquam
473 1573 654 1607 amaram,
677 1573 777 1609 quae
798 1568 1060 1609 corrumperet
1081 1561 1248 1598 dulcem.
1307 1559 1415 1597 intel-

95 1627 238 1663 lectum
269 1633 326 1663 est
360 1639 464 1663 mare
495 1625 678 1663 destinari
705 1626 753 1663 ab
780 1625 921 1674 ignaris
946 1633 1106 1663 naturae
1133 1625 1224 1663 eius.
1284 1625 1414 1674 itaque
1436 1646 1450 1669 7

95 1689 241 1738 ingenti
265 1689 460 1727 alacritate
490 1690 634 1727 nautici
657 1690 856 1739 remigant,
882 1698 920 1728 et
946 1690 1124 1739 proximo
1154 1703 1311 1739 quoque
1337 1691 1410 1735 die,

95 1766 173 1801 quo
199 1753 357 1802 propius
384 1767 472 1802 spes
495 1755 786 1800 admovebatur,
815 1756 1013 1792 crescebat
1042 1755 1156 1791 ardor
1181 1754 1410 1792 animorum.

94 1816 205 1855 tertio
243 1817 319 1855 iam
358 1818 420 1856 die
459 1817 623 1855 mixtum
662 1818 811 1855 flumini
845 1818 999 1856 subibat
1031 1832 1147 1865 mare,
1177 1818 1256 1856 leni
1285 1820 1413 1856 adhuc

94 1889 202 1918 aestu
222 1883 486 1919 confundente
507 1882 679 1930 dispares
700 1882 836 1919 undas.
896 1889 979 1919 tum
1005 1881 1121 1918 aliam
1150 1881 1316 1918 insulam
1336 1894 1415 1918 me-
1435 1893 1449 1918 ε

95 1944 160 1982 <lio
180 1944 285 1981 amni
305 1945 416 1982 sitam
439 1945 563 1983 evecti
583 1947 700 1994 paulo
720 1945 874 1991 lentius,
896 1945 987 1994 quia
1007 1958 1140 1982 cursus
1161 1953 1269 1983 aestu
1291 1958 1413 1983 rever-

94 2008 308 2052 berabatur,
330 2009 527 2057 adplicant
548 2010 711 2046 classem
731 2017 769 2046 et
789 2010 840 2046 ad
860 2017 1101 2047 commeatus
1122 2010 1313 2057 petendos
1340 2009 1413 2046 dis-

94 2079 262 2117 currunt,
295 2072 419 2109 securi
450 2086 560 2110 casus
595 2072 686 2119 eius,
723 2072 790 2121 qui
822 2072 1043 2121 supervenit
1082 2072 1232 2121 ignaris.
1304 2072 1414 2109 tertia
1434 2094 1448 2117 9

94 2136 211 2173 ferme
241 2136 336 2173 hora
361 2144 452 2182 erat,
480 2149 570 2173 cum
594 2144 692 2174 stata
711 2136 796 2174 vice
823 2150 994 2175 oceanus
1020 2144 1248 2174 exaestuans
1282 2135 1412 2173 invehi
