1563 2446
185 80 620 121 HISTORJARUM
651 78 1017 117 ALEXANDRJ
1061 77 1175 122 I'III,
1223 89 1278 125 13·
1351 87 1401 125 43

79 181 296 219 percussae.
355 167 560 207 terribilior
589 174 669 205 erat
698 165 814 204 facies
843 164 962 214 ripae,
989 176 1107 212 quam
1137 163 1227 211 equi
1256 162 1404 212 virique
1428 184 1458 199 ιο

78 233 365 282 conpleverant.
424 232 578 270 stabant
611 230 788 280 ingentes
818 237 1015 266 vastorum
1045 240 1253 276 corporum
1281 229 1404 265 moles

79 305 117 336 et
137 298 187 336 de
207 296 396 335 industria
423 296 599 333 inritatae
629 294 824 332 horrendo
852 293 1014 330 stridore
1035 304 1147 329 aures
1174 291 1399 341 fatigabant.

79 361 169 399 hinc
190 361 327 408 amnis,
349 361 440 398 hinc
462 359 583 398 hostis
607 358 767 408 capacia
796 357 955 407 quidem
985 357 1112 394 bonae
1142 356 1224 405 spei
1245 364 1403 405 pectora
1428 378 1453 394 ιι

79 434 118 463 et
146 438 263 474 saepe
293 438 333 463 se
368 432 525 473 experta
553 423 750 472 inproviso
781 430 913 460 tamen
946 434 1089 470 pavore
1122 428 1400 469 percusserant.

80 490 226 540 quippe
247 490 436 528 inhabiles
457 498 557 527 rates
578 502 650 526 nec
671 487 781 536 dirigi
802 487 850 524 ad
873 486 1005 535 ripam,
1021 498 1094 523 nec
1115 492 1197 522 tuto
1218 484 1404 534 adplicari

81 568 194 604 posse
215 555 438 592 credebant.
499 561 606 591 erant
629 553 663 589 in
691 551 822 589 medio
852 563 967 587 amne
997 549 1145 587 insulae
1176 549 1344 595 crebrae,
1366 548 1403 586 in
1429 570 1457 586 η

81 632 176 668 quas
197 627 234 657 et
256 618 346 656 Indi
367 626 403 656 et
426 619 668 655 Macedones
689 624 824 653 nantes
846 615 980 653 levatis
1007 627 1122 663 super
1141 613 1269 663 capita
1288 613 1404 651 armis

81 683 307 723 transibant.
366 682 419 720 ibi
446 682 545 719 levia
576 681 722 730 proelia
750 681 1064 724 conserebantur,
1087 686 1124 716 et
1149 686 1312 728 uterque
1338 691 1403 716 rex

82 760 221 797 parvae
235 746 288 785 rei
302 746 524 784 discrimine
539 758 711 783 summae
726 744 994 792 experiebatur
1008 751 1200 781 eventum.
1233 751 1404 781 ceterum
1428 765 1457 787 ι,-

82 813 120 850 in
153 812 419 849 Macedonum
450 810 617 848 exercitu
649 809 864 847 temeritate
892 816 1009 857 atque
1038 808 1202 846 audacia
1233 808 1403 857 insignes

82 878 186 914 suere
214 875 468 924 Symmachus
499 883 535 912 et
563 874 747 917 Nicanor,
779 872 929 909 nobiles
958 871 1118 909 iuvenes
1148 879 1186 909 et
1214 879 1402 920 perpetua

82 940 249 989 partium
276 939 458 977 felicitate
483 939 531 976 ad
562 938 825 986 spernendum
853 949 970 974 omne
1000 936 1215 985 periculum
1235 936 1403 974 accensi.

82 1004 168 1053 quis
182 1004 346 1041 ducibus
359 1002 637 1052 promptissimi
653 1002 835 1039 iuvenum
851 1001 994 1038 lanceis
1007 1001 1128 1039 modo
1136 1000 1273 1038 armati
1289 1008 1406 1038 trans·
1429 1022 1457 1043 η,

83 1081 223 1106 navere
244 1067 281 1104 in
303 1067 482 1113 insulam,
504 1079 622 1115 quam
643 1067 822 1114 frequens
847 1064 968 1102 hostis
989 1065 1158 1110 tenebat,
1180 1066 1403 1114 multosque

84 1133 284 1177 Indorum,
302 1132 407 1169 nulla
426 1144 466 1168 re
482 1130 620 1168 melius
636 1143 753 1179 quam
771 1129 934 1167 audacia
949 1129 1096 1176 armati,
1112 1129 1400 1169 interemerunt.

81 1196 186 1234 abire
207 1209 297 1233 cum
317 1195 436 1244 gloria
448 1202 639 1244 poterant,
654 1194 684 1231 si
698 1207 884 1243 umquam
906 1193 1100 1231 temeritas
1114 1193 1202 1231 felix
1217 1194 1406 1232 inveniret
1429 1215 1457 1238 ¹5

82 1262 271 1298 modum:
313 1261 383 1297 sed
412 1261 506 1297 dum
536 1258 851 1308 supervenientes
881 1257 1138 1307 contemptim
1169 1266 1206 1296 et
1240 1259 1404 1307 superbe

83 1338 240 1374 quoque
261 1331 476 1374 expectant,
499 1322 751 1360 circumventi
780 1324 829 1360 ab
850 1322 906 1369 iis,
928 1322 995 1371 qui
1015 1322 1157 1360 occulti
1183 1331 1401 1369 emmeram,

82 1389 234 1427 eminus
255 1388 382 1427 obruti
403 1387 487 1426 telis
508 1395 608 1425 sunt.
666 1386 731 1436 qui
752 1388 965 1436 effugerant
984 1387 1148 1434 hostem,
1171 1395 1237 1424 aut
1257 1387 1406 1436 impetu
1429 1400 1458 1424 15

82 1453 206 1491 amnis
226 1452 344 1490 ablati
364 1460 453 1490 sunt
472 1460 539 1489 aut
559 1451 765 1489 verticibus
786 1450 962 1499 inpliciti.
1018 1463 1140 1500 eaque
1160 1464 1290 1500 pugna
1310 1453 1404 1489 mul-

82 1527 165 1556 tum
187 1517 276 1555 Pori
294 1516 478 1554 fiduciam
505 1515 624 1553 erexit
643 1522 785 1552 cuncta
805 1514 998 1553 cernentis
1019 1527 1039 1552 e
1059 1515 1150 1564 ripa.
1183 1516 1407 1553 Alexander
1430 1537 1457 1560 ¹7

82 1582 195 1631 inops
233 1580 383 1619 consilii
421 1580 582 1618 tandem
613 1580 664 1617 ad
693 1579 908 1616 fallendum
937 1579 1090 1617 hostem
1119 1580 1236 1617 talem
1266 1580 1402 1617 dolum

82 1645 257 1684 intendit.
316 1652 396 1683 erat
433 1644 558 1681 insula
586 1643 627 1680 in
660 1643 820 1681 flumine
849 1643 1015 1692 amplior
1042 1643 1190 1689 ceteris,
1223 1643 1404 1682 silvestris

82 1711 219 1748 eadem
241 1718 278 1747 et
297 1708 474 1758 tegendis
490 1707 638 1745 insidiis
658 1715 757 1756 apta.
816 1707 918 1744 fossa
931 1720 1089 1756 quoque
1108 1708 1279 1756 praealta
1298 1709 1404 1746 haud

81 1776 215 1824 procul
236 1774 327 1823 ripa,
350 1786 469 1822 quam
489 1772 646 1810 tenebat
666 1771 759 1820 ipse,
782 1784 862 1809 non
877 1771 1028 1820 pedites
1048 1772 1179 1819 modo,
1199 1773 1268 1809 sed
1288 1772 1404 1810 etiam

81 1852 172 1876 cum
201 1838 309 1887 equis
337 1837 439 1875 viros
467 1844 618 1885 poterat
646 1836 899 1873 abscondere.
957 1835 1072 1884 igitur
1100 1843 1142 1873 ut
1170 1849 1193 1872 a
1227 1836 1405 1873 custodia
1428 1849 1457 1873 ιε

80 1903 194 1940 huius
222 1900 521 1951 opportunitatis
551 1901 686 1937 oculos
714 1899 886 1937 hostium
912 1907 1111 1945 averteret,
1134 1901 1404 1938 Ptolomaeum

81 1966 262 2004 omnibus
291 1964 425 2003 turmis
455 1963 682 2013 obequitare
710 1962 819 2000 iussit
848 1964 984 2012 procul
1013 1963 1138 2001 insula
1167 1971 1205 2001 et
1236 1963 1403 2001 subinde

82 2029 204 2067 Indos
224 2030 392 2066 clamore
412 2036 564 2073 terrere,
586 2027 695 2076 quasi
714 2028 859 2065 flumen
886 2035 1152 2065 transnaturus
1172 2029 1280 2065 foret.
1337 2041 1405 2076 per
1427 2048 1456 2072 19

81 2093 287 2141 conplures
325 2092 407 2130 dies
439 2092 691 2129 Ptolomaeus
720 2091 759 2128 id
789 2091 879 2129 fecit
908 2104 1035 2140 eoque
1064 2091 1227 2129 consilio
1259 2093 1402 2128 Porum

80 2169 237 2206 quoque
271 2168 410 2205 agmen
442 2168 557 2193 suum
590 2155 626 2193 ei
655 2154 763 2204 parti,
800 2167 918 2203 quarn
951 2168 992 2193 se
1022 2162 1153 2203 petere
1183 2154 1401 2200 simulabat,

81 2220 207 2270 coegit
231 2220 439 2258 advertere.
498 2218 575 2256 iam
600 2226 706 2256 extra
732 2225 987 2268 conspectum
1012 2218 1132 2256 hostis
1159 2218 1285 2256 insula
1307 2226 1400 2256 erat.
1425 2240 1457 2256 κο
