1563 2446
604 117 924 155 APPENDJX
955 118 1006 156 A.
1399 120 1470 168 183

150 203 354 244 propositum
378 208 531 235 reuertar.
579 205 598 235 8
643 203 750 234 aiebat
780 203 933 234 CESTIVS
958 204 1084 244 magnis
1109 213 1182 234 cum
1205 203 1355 234 laudibus
1373 204 1472 234 Alex<-

151 257 244 288 andri
273 256 358 288 hanc
387 257 565 287 suasoriam
597 268 666 288 esse
701 257 884 294 dicendam,
923 267 1021 298 quam
1052 257 1097 287 sic
1127 257 1247 294 diuisit,
1275 263 1309 288 ut
1333 257 1473 298 primum

149 310 283 348 diceret,
308 311 435 342 etiamsi
459 311 605 351 nauigari
630 318 740 352 posset
766 311 928 349 Oceanus,
950 311 1171 352 nauigandum
1194 322 1260 342 non
1285 322 1372 350 esse;
1396 312 1473 343 satis

149 365 272 405 gloriae
288 365 492 406 quaesitum;
510 366 652 405 regenda
669 376 738 396 esse
755 371 786 396 et
802 365 1008 406 disponenda
1024 376 1107 406 quae
1124 366 1156 396 in
1173 366 1308 397 transitu
1325 366 1472 403 uicisset;

150 418 386 450 consulendum
404 419 500 449 militi
517 424 565 449 tot
588 419 657 449 eius
678 418 824 450 uictoriis
845 418 949 457 lasso3
973 420 1014 450 de
1039 425 1143 450 matre
1171 419 1217 450 illi
1242 420 1471 460 cogitandum:

150 479 181 504 et
198 474 277 504 alias
294 484 407 504 causas
431 473 614 514 complures
638 473 786 504 subiecit.
833 473 952 504 deinde
970 473 1059 503 illam
1081 474 1306 514 quaestionem
1325 474 1472 510 subiecit,

150 538 191 558 ne
213 527 362 568 nauigari
385 527 517 568 quidem
542 527 713 558 Oceanum
737 537 842 568 posse.
892 538 912 570 9
959 528 1147 558 FABIANVS
1171 528 1388 569 philosophus
1410 529 1473 570 pri-

151 591 238 611 mam
269 580 345 612 secit
370 581 598 622 quaestionem
630 581 788 612 eandem:
817 582 916 612 etiam
948 582 975 612 si
1006 582 1154 623 nauigari
1185 588 1294 623 posset
1324 582 1473 614 Oceanus

150 631 372 676 nauigandum
403 645 469 666 non
509 646 590 666 esse.
651 640 684 666 at
714 635 875 666 rationem
911 635 1010 666 aliam
1042 637 1182 676 primam
1213 636 1308 667 fecit:
1339 637 1473 667 modum

150 689 375 730 inponendum
404 700 473 720 esse
499 690 594 720 rebus
619 689 781 720 secundis.
830 689 884 720 hic
908 689 990 720 dixit
1013 692 1228 722 sententiam:
1259 690 1316 720 illa
1342 691 1473 721 demum

150 748 198 773 est
215 753 334 782 magna
350 742 487 773 felicitas
504 752 588 783 quae
610 742 745 773 arbitrio
769 753 828 773 suo
853 743 1007 774 constitit.
1057 743 1139 774 dixit
1160 743 1278 774 deinde
1301 743 1410 774 locum
1433 744 1473 774 de

150 796 307 827 uarietate
324 795 472 827 fortunae
489 802 520 827 et
537 806 610 826 cum
634 796 857 837 descripsisset
879 797 961 827 nihil
985 807 1055 828 esse
1078 796 1207 832 stabile,
1223 797 1334 828 onmia
1349 797 1474 828 fluitare

149 854 182 879 et
210 849 340 880 incertis
365 849 507 879 motibus
533 849 633 879 modo
663 849 791 884 adtolli,
819 849 918 879 modo
944 849 1093 890 deprimi,
1121 849 1288 880 absorberi
1316 854 1416 880 terras
1443 857 1474 880 et

152 904 254 934 maria
278 903 400 941 siccari,
428 908 557 933 montes
581 903 762 938 subsidere,
780 903 901 934 deinde
923 904 1073 944 exempla
1096 914 1209 944 regum
1230 914 1248 933 e
1264 903 1393 944 fastigio
1416 914 1474 934 suo

149 957 391 994 deuolutorum,
410 957 547 988 adiecit:
573 957 642 987 siue
670 958 779 998 potius
799 968 906 987 rerum
922 963 1071 987 naturam
1089 967 1187 998 quam
1205 957 1367 988 fortunam
1384 962 1473 989 tuam

149 1010 298 1042 deficere.
351 1020 389 1041 10
434 1011 612 1041 secundam
638 1021 769 1051 quoque
800 1011 1025 1051 quaestionem
1050 1010 1145 1041 aliter
1169 1011 1338 1042 tractauit:
1364 1011 1473 1043 diuisit

150 1065 238 1096 enim
254 1065 345 1096 illam
362 1065 417 1102 sic,
437 1071 471 1096 ut
490 1065 630 1106 primum
647 1071 781 1105 negaret
798 1065 880 1096 ullas
897 1066 931 1096 in
948 1065 1083 1096 Oceano
1111 1071 1166 1096 aut
1189 1072 1276 1097 trans
1304 1066 1473 1097 Oceanum

150 1129 220 1150 esse
236 1124 337 1150 terras
353 1118 563 1149 habitabiles.
612 1118 732 1149 deinde
751 1119 778 1149 si
795 1124 912 1156 essent,
934 1119 1097 1160 perueniri
1115 1125 1224 1150 tamen
1247 1120 1289 1150 ad
1313 1119 1386 1150 illas
1408 1131 1474 1150 non

151 1182 265 1214 posse3
295 1171 349 1202 hic
373 1171 599 1202 difficultatem
622 1172 979 1216 nauigationis‚⁴ignoti
1003 1173 1100 1204 maris
1123 1179 1272 1204 naturam
1296 1185 1363 1204 non
1392 1175 1473 1215 pati-

152 1231 262 1256 entem
285 1225 513 1265 nauigationis.
559 1224 735 1256 nouissime
758 1230 793 1256 ut
820 1232 930 1269 posset
958 1226 1131 1267 perueniri,
1159 1227 1241 1257 tanti
1273 1233 1382 1258 tamen
1405 1238 1471 1258 non

151 1288 233 1309 esse.
279 1278 332 1309 hic
360 1278 441 1309 dixit
470 1278 593 1308 incerta
619 1278 697 1319 peti,
724 1284 812 1309 certa
836 1279 956 1315 deseri;
982 1280 1158 1310 descituras
1180 1286 1304 1321 gentes,
1324 1281 1351 1311 si
1374 1281 1473 1312 Alex-

151 1334 290 1364 andrum
307 1345 413 1365 rerum
440 1340 575 1365 naturae
599 1334 755 1365 terminos
777 1345 1021 1376 supergressum
1046 1336 1241 1373 enotuisset;
1267 1337 1320 1367 hic
1337 1343 1474 1368 matrem

151 1390 193 1420 de
209 1399 274 1430 qua
289 1389 387 1420 dixit:
407 1389 574 1430 quomodo
591 1389 646 1419 illa
663 1389 839 1430 trepidauit
856 1389 954 1420 etiam
970 1400 1071 1431 quom
1089 1390 1265 1421 Granicum
1283 1391 1474 1422 transiturus

151 1454 249 1474 esses.
299 1453 334 1474 11
381 1443 568 1474 GLYCONIS
599 1442 737 1474 celebris
766 1443 928 1474 sententia
958 1449 1021 1474 est:
1053 1444 1147 1474 τοῦτο
1179 1446 1231 1475 οὔκ
1258 1445 1328 1474 ἐστι
1351 1445 1474 1482 Σιμόεις

151 1498 222 1529 οὐδὲ
237 1495 387 1536 Γράνικος
400 1504 407 1512 ·
423 1498 516 1527 τοῦτο
533 1497 559 1526 εἰ
574 1497 619 1534 μή
634 1508 665 1526 τι
681 1497 775 1527 κακὸν
791 1493 838 1534 ἦν,
860 1498 912 1527 οὐκ
928 1496 966 1527 ἂν
980 1498 1091 1527 νέατον
1112 1498 1223 1529 ἔκειτο.
1273 1497 1338 1529 hoe
1361 1509 1473 1530 omnes

151 1551 272 1582 imitari
299 1551 483 1582 uoluerunt.
533 1551 700 1582 PLVTION
730 1551 830 1582 dixit:
857 1552 909 1581 καὶ
934 1551 984 1581 διὰ.
1010 1553 1104 1582 τοῦτο
1128 1552 1283 1590 με’·γιστόν
1308 1553 1406 1591 ἐστιν,
1427 1553 1474 1584 ὅτι

151 1605 228 1636 αὐτὸ
243 1605 300 1642 μὲν
315 1605 396 1642 μετὰ
412 1605 529 1640 πάντα,
545 1606 628 1642 μετὰ
651 1606 684 1635 δέ
708 1606 784 1635 αὐτὸ
808 1606 908 1635 οὐθέν.
954 1605 1143 1635 ARTEMON
1167 1605 1263 1635 dixit:
1288 1606 1475 1645 βουλευτέον

151 1659 179 1688 εἰ
195 1659 241 1688 δεῖ
257 1659 317 1697 ἄρα
337 1659 552 1697 περαιοῦσθαι.
605 1660 639 1689 οὒ
661 1659 731 1690 ταῖς
743 1657 1009 1696 Ἑλλησποντίαις
1032 1657 1121 1697 ᾐόσιν
1144 1660 1321 1697 ἐφεστῶτες
1343 1658 1406 1690 οὐδ’
1423 1661 1474 1690 ἐπὶ

152 1715 197 1752 τῷ
227 1714 409 1752 Παμφυλίῳ
439 1713 576 1752 πελάγει
607 1714 665 1750 τὴν
695 1713 916 1752 ε’μπρόθεσμον
945 1713 1174 1751 καραδοκοῦμεν
1205 1714 1364 1749 ἄμπωσιν·
1406 1715 1475 1744 οὐδὲ

155 1768 322 1806 Εὐφράτης
345 1765 432 1797 τοῦτ’
454 1767 553 1804 ἐστιν,
574 1767 643 1797 οὐδὲ
656 1764 759 1804 Ἰνδὸς,
781 1766 855 1796 ἀλλ’
876 1767 937 1796 εἴτε
952 1767 1011 1805 ’γῆς
1033 1766 1142 1806 τέρμα,
1164 1768 1227 1797 εἴτε
1249 1769 1371 1805 φύσεως
1393 1769 1470 1807 ὅρος,

154 1822 217 1850 εἴτε
233 1821 450 1859 πρεσβύτατον
466 1821 632 1857 στοιχεῖον,
652 1821 715 1850 εἴτε
729 1820 851 1857 ’γένεσις
868 1820 953 1857 θεῶν,
974 1817 1135 1857 ἱερώτερόν
1157 1821 1244 1850 ἐστιν
1258 1819 1278 1859 ἢ
1301 1822 1382 1851 κατὰ
1404 1820 1476 1852 ναῖς

155 1875 244 1913 ὓδωρ.
289 1874 500 1904 APATVRIVS
532 1874 632 1905 dixit:
658 1874 801 1904 ἐντεῦθεν
833 1874 852 1911 ὴ
875 1873 946 1904 ναῦς
969 1874 1005 1904 ἐκ
1026 1875 1099 1911 μιᾶς
1122 1875 1219 1913 φορᾶς
1243 1875 1283 1905 εἰς
1306 1875 1470 1911 ἀνατολὰς,

154 1928 231 1957 ἔνθα
246 1926 279 1956 δὲ
295 1927 335 1956 εἰς
350 1927 405 1957 τὰς
422 1927 571 1966 ἁοράτους
588 1928 698 1957 δύσεις.
746 1927 900 1957 CESTIVS
916 1927 1106 1967 descripsit:
1123 1927 1169 1957 sic
1184 1927 1292 1958 fremit
1309 1927 1470 1965 Oceanus,

153 1979 247 2021 quasi
276 1979 463 2020 indignetur
494 1981 582 2021 quod
614 1986 714 2012 terras
746 1981 918 2021 relinquas.
987 1992 1022 2012 12
1085 1982 1376 2022 Corruptissimam
1406 1992 1474 2012 rem

153 2033 300 2064 omnium
326 2042 409 2073 quae
439 2043 594 2073 umquam
619 2034 725 2064 dictae
753 2040 827 2065 sunt
852 2045 892 2065 ex
917 2045 983 2075 quo
1009 2035 1159 2066 homines
1190 2035 1301 2066 diserti
1335 2035 1475 2066 insanire

154 2092 342 2128 coeperunt,
362 2087 523 2128 putabant
539 2088 698 2119 Dorionis
714 2099 784 2119 esse
803 2089 837 2119 in
860 2089 1059 2130 metaphrasi
1081 2090 1203 2120 dictam
1231 2088 1381 2127 Homeri,
1401 2100 1475 2120 cum

153 2145 343 2173 excaecatus
369 2141 511 2182 Cyclops
535 2152 648 2173 saxum
675 2142 708 2173 in
732 2153 821 2173 mare
848 2143 999 2174 reiecit...
1047 2143 1127 2174 haec
1152 2143 1318 2184 quomodo
1343 2154 1382 2174 ex
1405 2154 1474 2174 cor-

155 2193 259 2234 ruptis
275 2203 314 2224 eo
329 2194 531 2234 perueniant,
548 2200 584 2225 ut
600 2200 632 2225 et
648 2205 768 2235 magna
784 2201 815 2227 et
839 2200 948 2226 tamen
971 2206 1051 2227 sana
1074 2195 1147 2233 sint,
1168 2195 1275 2226 aiebat
1301 2196 1474 2226 Maecenas

154 2245 244 2287 apud
269 2246 451 2287 Vergilium
476 2247 622 2288 intellegi
643 2258 748 2288 posse.
795 2248 956 2279 tumidum
980 2254 1049 2280 est:
1075 2249 1160 2288 ὄρεος
1181 2248 1249 2288 ὄρος
1274 2249 1472 2279 ἀποσπᾶται.

156 2301 320 2343 Vergilius
336 2301 416 2344 quid
432 2301 501 2332 ait?
545 2302 630 2342 rapit
