1563 2446
685 501 856 540 LIBER
886 502 955 540 IX.

140 671 166 716 1
276 673 509 720 Alexander,
550 680 629 712 tam
667 675 909 713 memorabili
948 674 1110 713 victoria
1153 676 1287 722 laetus,
1328 688 1406 725 qua
1444 673 1515 713 sibi

196 737 355 776 orientis
376 738 462 777 finis
483 746 640 788 apertos
661 752 745 777 esse
773 741 971 785 censebat,
994 740 1073 777 Soli
1094 739 1259 777 victimis
1279 740 1402 778 caesis
1422 738 1517 776 mili-

195 810 253 840 tes
279 815 448 852 quoque,
471 815 551 851 quo
577 802 881 852 promptioribus
907 803 1047 841 animis
1072 802 1221 851 reliqua
1240 803 1332 841 belli
1352 802 1515 847 obirent,

195 880 265 916 pro
286 867 471 906 contione
491 868 670 905 laudatos
691 867 838 914 docuit,
860 867 1052 916 quidquid
1075 867 1187 905 Indis
1211 867 1350 905 virium
1370 867 1514 913 suisset,

161 953 175 968 ρ
197 932 262 969 illa
292 931 546 970 dimicatione
578 939 831 981 prostratum:
864 941 992 970 cetera
1023 932 1194 981 opimam
1224 933 1410 982 praedam
1436 933 1517 970 fore

195 997 490 1047 celebratasque
521 1010 617 1047 opes
649 997 686 1035 in
719 1011 765 1035 ea
796 997 953 1047 regione
985 997 1167 1044 eminere,
1190 1011 1306 1046 quam
1327 1005 1512 1047 peterent.

194 1062 358 1111 proinde
379 1062 456 1100 iam
476 1062 567 1100 vilia
587 1070 624 1100 et
645 1063 825 1100 obsoleta
844 1075 928 1100 esse
950 1061 1074 1111 spolia
1100 1063 1150 1100 de
1178 1062 1320 1100 Persis:
1351 1061 1516 1111 gemmis

195 1125 486 1175 margaritisque
517 1134 556 1164 et
586 1139 679 1164 auro
710 1134 827 1175 atque
858 1126 975 1164 ebore
998 1126 1276 1164 Macedoniam
1297 1126 1517 1164 Graeciam-

163 1210 176 1232 3
196 1201 282 1238 que,
305 1202 385 1227 non
406 1203 494 1228 suas
516 1197 668 1228 tantum
689 1191 830 1228 domos
850 1190 1042 1239 repletum
1070 1189 1134 1227 ire.
1193 1189 1296 1227 avidi
1317 1190 1459 1228 milites
1478 1198 1517 1228 et

195 1255 385 1306 pecuniae
402 1263 440 1294 et
459 1256 615 1305 gloriae,
635 1255 750 1293 simul
771 1254 861 1304 quia
877 1268 1090 1304 numquam
1113 1267 1179 1293 eos
1195 1254 1413 1293 adfirmatio
1434 1255 1517 1293 eius

194 1320 393 1363 fefellerat,
425 1318 661 1368 pollicentur
692 1331 870 1367 operam:
907 1317 1155 1366 dimissisque
1189 1330 1278 1354 cum
1312 1317 1417 1355 bona
1448 1329 1516 1366 spe

195 1384 348 1435 navigia
367 1383 611 1423 exaedificari
631 1383 750 1430 iubet,
772 1392 825 1429 ut,
848 1396 937 1420 cum
967 1391 1089 1421 totam
1111 1382 1244 1420 Asiam
1265 1382 1517 1432 percucurris-

162 1469 176 1492 4
197 1456 266 1496 set,
288 1449 407 1487 finem
437 1455 635 1494 terrarum,
658 1461 774 1494 mare,
798 1447 988 1486 inviseret.
1040 1448 1162 1484 multa
1191 1446 1350 1484 materia
1370 1447 1517 1485 navalis

197 1514 234 1551 in
256 1512 443 1563 proximis
463 1513 663 1551 montibus
685 1521 781 1551 erat:
810 1526 925 1562 quam
954 1513 1117 1551 caedere
1138 1512 1310 1563 adgressi
1330 1512 1517 1562 magnitu-

164 1599 177 1621 5
198 1577 299 1615 dinis
319 1577 540 1615 inuisitatae
561 1590 763 1626 repperere
785 1585 993 1626 serpentes.
1052 1577 1318 1615 rhinocerotes
1347 1590 1515 1626 quoque,

197 1654 324 1679 rarum
343 1640 435 1678 alibi
455 1639 614 1686 animal,
635 1641 674 1678 in
695 1640 821 1678 isdem
843 1641 1042 1679 montibus
1063 1648 1182 1678 erant.
1240 1649 1412 1679 ceterum
1441 1641 1516 1679 hoc

198 1718 342 1744 nomen
361 1704 486 1743 beluis
507 1705 674 1743 inditum
695 1719 718 1743 a
738 1705 919 1744 Graecis:
950 1705 1140 1744 sermonis
1166 1704 1249 1743 eius
1270 1705 1390 1754 ignari
1411 1705 1516 1743 aliud

165 1785 179 1809 6
199 1771 329 1821 lingua
356 1783 427 1808 sua
456 1778 653 1820 usurpant.
711 1784 778 1808 rex
805 1771 956 1808 duabus
990 1771 1150 1809 urbibus
1171 1770 1339 1808 conditis
1360 1769 1399 1807 in
1419 1778 1518 1808 utra-

198 1848 274 1885 que
294 1834 473 1881 fluminis,
496 1836 605 1884 quod
625 1843 884 1884 superaverat,
902 1835 985 1884 ripa
1004 1836 1205 1884 copiarum
1226 1835 1345 1872 duces
1361 1835 1516 1873 coronis

198 1908 237 1937 et
258 1898 362 1936 mille
382 1897 506 1936 aureis
527 1899 701 1947 singulos
722 1899 861 1936 donat:
891 1899 1029 1937 ceteris
1056 1912 1214 1948 quoque
1241 1911 1311 1947 pro
1336 1899 1516 1948 portione

199 1969 265 2000 aut
284 1962 437 2011 gradus,
455 1974 573 2010 quem
594 1961 634 1999 in
654 1962 823 1999 amicitia
844 1962 1085 2008 obtinebant,
1107 1970 1173 1999 aut
1194 1970 1356 1999 navatae
1376 1975 1516 2012 operae

167 2048 180 2072 7
201 2028 327 2064 bonos
355 2025 512 2064 habitus
541 2034 609 2064 est.
668 2025 863 2071 Abisares,
886 2025 952 2074 qui
983 2025 1100 2074 prius,
1135 2038 1252 2074 quam
1286 2038 1377 2062 cum
1414 2027 1517 2064 Poro

200 2092 459 2139 dimicaretur,
492 2093 641 2141 legatos
672 2092 722 2130 ad
753 2092 1021 2129 Alexandrum
1054 2091 1222 2138 miserat,
1258 2104 1388 2130 rursus
1420 2091 1517 2131 alios

201 2157 305 2195 misit
333 2157 576 2207 pollicentes,
598 2156 731 2195 omnia
761 2158 964 2202 facturum,
993 2168 1095 2206 quae
1127 2155 1367 2205 imperasset,
1395 2157 1517 2195 modo

202 2235 250 2260 ne
283 2229 485 2272 cogeretur
517 2234 657 2271 corpus
691 2234 803 2259 suum
835 2221 998 2259 dedere:
1033 2233 1162 2269 neque
1195 2219 1301 2258 enim
1334 2227 1400 2258 aut
1433 2220 1516 2259 sine

167 2299 182 2323 8
203 2286 306 2336 regio
327 2285 490 2337 imperio
510 2285 712 2333 victurum,
739 2292 804 2324 aut
824 2292 1071 2336 regnaturum
1092 2297 1176 2324 esse
1198 2283 1404 2336 captivum.
1453 2285 1517 2323 cui
