1563 2446
140 128 190 176 38
569 128 613 177 Q.
661 128 841 166 CURTJ
870 128 1026 166 RUFI

140 219 373 251 revertentes
411 213 644 251 temulentos
683 212 1016 262 comissantesque
1054 210 1154 249 inter
1187 225 1253 251 ora
1286 211 1456 251 hostium

141 277 245 315 texit.

88 362 120 386 19
218 341 327 380 Hinc
357 343 407 380 ad
438 341 648 391 regionem,
681 354 780 391 quae
814 341 991 379 Daedala
1024 348 1194 387 vocatur,
1227 348 1457 390 perventum

140 412 208 444 est.
266 406 516 444 deseruerant
554 406 705 443 incolae
744 405 857 442 sedes
897 412 933 442 et
976 404 1015 441 in
1053 404 1162 442 avios
1188 404 1458 454 silvestresque

141 478 292 509 montes
313 472 576 521 confugerant.
609 483 700 519 ergo
721 469 889 507 Acadira
910 468 1056 515 transit,
1078 482 1203 517 aeque
1225 477 1309 507 usta
1326 477 1363 507 et
1376 470 1459 507 des-

89 557 121 572 ρ»
141 535 252 574 tituta
286 536 542 574 incolentium
581 536 679 584 suga.
739 534 869 583 itaque
900 534 1089 571 rationem
1120 534 1209 572 belli
1249 534 1460 572 necessitas

141 601 310 640 mutavit.
379 599 511 638 divisis
550 598 653 637 enim
694 597 816 646 copiis
855 597 1028 647 pluribus
1067 597 1180 635 simul
1220 598 1315 636 locis
1353 610 1460 636 arma

144 666 325 712 ostendit,
348 664 614 714 oppressique,
636 663 703 700 ubi
735 675 814 700 non
847 670 1144 714 expectaverant
1165 664 1330 709 hostem,
1353 662 1459 701 omni

89 752 114 767 21
139 731 250 769 clade
269 728 475 779 perdomiti
491 736 589 765 sunt.
623 728 875 765 Ptolomaeus
896 726 1079 776 plurimas
1096 728 1220 773 urbes,
1240 727 1462 764 Alexander

142 794 328 832 maximas
358 794 482 843 cepit:
512 804 732 840 rursusque,
755 804 851 840 quas
882 791 1140 836 distribuerat,
1163 791 1296 840 copias
1325 790 1457 828 iunxit.

89 880 119 895 ω
141 865 321 907 superato
353 856 496 895 deinde
529 856 713 904 Choaspe
745 867 861 892 amne
883 856 1049 894 Coenon
1070 854 1110 892 in
1131 855 1336 893 obsidione
1356 854 1462 892 urbis

143 921 562 972 opulentae—Beiram
584 919 735 957 incolae
757 919 1130 968 vocant—reliquit:
1158 919 1239 968 ipse
1260 920 1309 956 ad
1333 920 1462 956 Maza-

141 1000 208 1037 gas
228 986 346 1025 venit.
404 986 762 1034 nuperAssacano,
785 983 893 1021 cuius
914 997 1077 1032 regnum
1099 984 1232 1030 suerat,
1255 984 1463 1021 demortuo

89 1074 119 1096 23
140 1051 286 1102 regioni
306 1050 470 1100 urbique
490 1058 665 1099 praeerat
686 1056 808 1087 mater
828 1049 911 1087 eius
933 1049 1130 1098 Cleophis.
1168 1060 1335 1086 xxxvnl
1357 1047 1463 1086 milia

143 1117 318 1166 peditum
347 1115 556 1153 tuebantur
585 1114 720 1152 urbem
750 1126 830 1151 non
861 1112 934 1150 situ
961 1114 1097 1158 solnm,
1119 1114 1188 1151 sed
1209 1112 1324 1152 etiam
1345 1125 1462 1163 opere

146 1181 344 1219 munitam.
404 1192 494 1217 nam
526 1192 604 1228 qua
635 1185 785 1227 spectat
817 1177 1017 1224 orientem,
1050 1177 1214 1227 cingitur
1245 1190 1361 1215 amne
1390 1184 1464 1216 tor-

143 1244 254 1291 renti,
275 1243 342 1294 qui
363 1242 579 1293 praeruptis
599 1242 794 1291 utrimque
811 1242 901 1291 ripis
918 1242 1065 1280 aditum
1082 1243 1132 1279 ad
1149 1242 1283 1279 urbem
1300 1241 1459 1291 inpedit.

93 1332 122 1354 24
144 1312 194 1349 ad
214 1310 462 1349 occidentem
484 1316 523 1347 et
548 1322 571 1346 a
596 1307 758 1346 meridie
785 1308 891 1346 vel‘ut
919 1308 967 1345 de
997 1306 1184 1344 industria
1214 1319 1327 1356 rupes
1357 1319 1463 1356 prae-

146 1380 242 1416 altas
271 1377 461 1415 admolita
490 1382 628 1413 natura
657 1381 726 1420 est,
749 1373 846 1411 infra
875 1386 972 1422 quas
993 1385 1182 1410 cavernae
1203 1380 1240 1410 et
1261 1371 1464 1420 voragines

146 1444 263 1493 longa
292 1448 482 1480 vetustate
515 1440 555 1477 in
586 1440 707 1477 altum
739 1445 898 1476 cavatae
930 1437 1071 1482 iacent,
1091 1448 1246 1484 quaque
1267 1435 1462 1481 desinunt,

93 1529 122 1551 25
144 1509 247 1546 fossa
279 1505 447 1555 ingentis
481 1503 609 1553 operis
644 1502 799 1541 obiecta
832 1509 898 1540 est.
973 1512 1088 1538 xxxv
1125 1500 1294 1538 stadium
1332 1513 1464 1537 murus

149 1573 286 1610 urbem
318 1569 588 1619 conplectitur,
617 1568 726 1605 cuius
754 1566 935 1605 inferiora
972 1579 1078 1612 saxo,
1106 1564 1304 1614 superiora
1341 1565 1464 1602 crudo

145 1638 264 1674 latere
285 1643 374 1673 sunt
395 1641 548 1672 structa.
591 1632 700 1669 lateri
720 1631 918 1668 vinculum
939 1630 1089 1678 lapides
1110 1637 1210 1674 sunt,
1233 1641 1332 1678 quos
1352 1628 1464 1666 inter-

148 1712 325 1750 posuere,
347 1706 389 1736 ut
420 1697 564 1736 duriori
595 1695 780 1734 materiae
812 1694 954 1743 fragilis
988 1693 1242 1739 incumberet,
1272 1692 1464 1741 simulque

94 1779 125 1803 25
145 1773 245 1803 terra
258 1765 421 1801 humore
442 1763 573 1800 diluta.
606 1774 655 1798 ne
676 1768 806 1798 tamen
826 1759 1005 1796 universa
1024 1758 1255 1804 consideret,
1273 1757 1465 1806 inpositae

149 1835 256 1866 erant
283 1827 410 1865 trabes
436 1825 598 1870 validae,
623 1824 764 1873 quibus
790 1822 932 1860 iniecta
959 1822 1130 1859 tabulata
1156 1834 1286 1859 muros
1308 1830 1344 1859 et
1365 1829 1467 1871 tege-

95 1915 126 1938 27
145 1895 240 1931 bant
261 1900 298 1930 et
319 1890 471 1941 pervios
497 1891 677 1927 fecerant.
735 1889 832 1926 haec
861 1887 1105 1924 munimenta
1132 1887 1464 1935 contemplantem

148 1957 414 1995 Alexandrum
445 1954 676 2003 consiliique
708 1952 911 1998 incertum,
947 1951 1039 2000 quia
1071 1963 1144 1988 nec
1178 1963 1362 1989 cavernas
1393 1950 1466 1989 nisi

149 2034 287 2072 aggere
307 2027 458 2071 poterat
479 2019 626 2068 inplere
658 2030 731 2055 nec
758 2024 951 2055 tormenta
977 2015 1087 2053 aliter
1106 2015 1225 2052 muris
1244 2016 1464 2062 admovere,

97 2101 128 2125 23
149 2087 310 2136 quidam
349 2098 370 2123 e
408 2097 519 2122 muro
558 2082 696 2132 sagitta
733 2081 931 2131 percussit.
1005 2088 1087 2118 tum
1125 2081 1223 2118 forte
1261 2079 1300 2117 in
1338 2093 1466 2118 suram

151 2150 286 2189 incidit
311 2151 451 2188 telum:
477 2147 587 2186 cuius
614 2146 765 2196 spiculo
792 2147 925 2183 evolso
951 2136 1148 2182 admoveri
1175 2157 1318 2193 equum
1340 2144 1465 2183 iussit:

154 2227 233 2264 quo
252 2222 388 2252 vectus
406 2225 458 2251 ne
478 2211 650 2261 obligato
672 2210 830 2259 quidem
856 2210 1015 2247 vulnere
1041 2209 1147 2246 haud
1173 2207 1328 2257 segnius
1355 2209 1468 2247 desti-

105 2300 135 2322 -29
154 2287 244 2318 nata
264 2278 534 2328 exequebatur.
592 2283 766 2314 ceterum
787 2286 877 2313 cum
900 2285 987 2312 crus
1011 2272 1185 2311 saucium
1209 2273 1410 2323 penderet,
1429 2281 1478 2314 ct.
