1563 2446
141 94 191 131 34
573 81 618 131 Q.
663 82 853 120 CURTJ
881 82 1033 120 ΚΗΓ]

89 190 117 206 u
139 167 298 207 emittat.
358 166 490 206 multis
524 176 675 218 praeter
708 169 780 206 hos
809 168 992 206 amnibus
1022 176 1104 206 tota
1132 166 1238 217 regio
1268 167 1463 216 dividitur,

89 253 118 270 η
138 232 209 270 sed
235 231 483 282 ignobilibus,
506 230 596 280 quia
625 244 704 269 non
735 231 836 269 adeo
865 230 1101 269 interfluunt.
1161 240 1331 269 ceterum
1363 244 1464 280 quae

139 296 321 346 propiora
341 302 431 333 sunt
459 294 567 339 mari,
588 294 772 344 aquilone
802 294 970 333 maxime
1000 295 1239 333 deuruntur:
1270 296 1300 333 is
1321 296 1467 334 cohibi-

140 367 202 397 tus
233 359 330 409 iugis
365 358 557 396 montium
591 359 640 395 ad
673 357 854 396 interiora
891 371 971 395 non
1006 367 1194 406 penetrat,
1225 358 1278 396 ita
1315 360 1466 398 alendis

90 445 119 469 η
139 424 312 474 frugibus
333 423 450 462 mitia.
510 423 578 461 sed
608 423 709 461 adeo
740 421 778 459 in
809 421 873 459 illa
901 423 1016 471 plaga
1043 424 1213 461 mundus
1234 431 1352 461 statas
1374 433 1467 463 tem-

141 503 281 540 porum
309 490 414 528 vices
444 497 578 536 mutat,
610 497 662 535 ut,
694 501 785 526 cum
814 488 890 526 alia
922 489 1071 527 fervore
1103 488 1194 526 solis
1227 498 1466 536 exaestuant,

142 555 299 593 Indiam
337 554 445 593 nives
483 555 660 600 obruant,
696 566 914 602 rursusque,
948 553 1014 591 ubi
1054 562 1182 592 cetera
1220 553 1355 603 rigent,
1390 554 1468 593 illic

141 619 408 658 intolerandus
437 627 565 657 aestus
594 618 744 656 existat.
804 631 889 663 nec,
925 631 994 656 cur
1023 618 1218 656 inverterit
1248 632 1288 656 se
1318 627 1494 665 natura,-

90 699 267 730 xtcausa.
326 698 432 722 mare
471 691 585 730 certe,
623 696 703 732 quo
736 682 914 728 adluitur,
948 696 998 721 ne
1035 684 1167 722 colore
1205 684 1365 733 quidem
1404 686 1468 723 ab·

142 749 271 787 horret
304 761 327 785 a
352 747 511 795 «ceteris.
587 748 637 784 ab
671 747 836 796 Erythro
867 759 956 797 rege
995 747 1162 784 inditum
1201 755 1258 785 est
1296 761 1466 786 nomen:

91 835 120 858 15
141 821 300 863 propter
319 813 425 862 quod
448 810 569 861 ignari
590 812 728 849 rubere
753 824 875 860 aquas
905 812 1080 849 credunt.
1137 819 1237 850 terra
1257 811 1322 849 lini
1345 814 1468 851 ferax:

141 877 235 915 inde
254 877 448 926 plerisque
475 884 564 914 sunt
583 884 720 914 vestes.
778 875 863 913 libri
883 876 1065 913 arborum
1086 876 1208 914 teneri
1229 877 1334 914 haud
1355 890 1468 916 secus

90 956 121 981 16
140 956 259 992 quam
289 944 445 981 chartae
475 942 689 980 litterarum
723 949 836 979 notas
870 940 1039 990 capiunt.
1106 954 1197 979 aves
1233 942 1284 979 ad
1319 941 1469 980 imitan-

143 1009 237 1046 dum
267 1008 463 1046 humanae
493 1007 601 1045 vocis
630 1020 771 1045 sonum
801 1007 950 1045 dociles
979 1014 1080 1044 sunt.
1135 1006 1320 1044 animalia
1342 1006 1469 1045 invisi-

143 1080 223 1110 tata
243 1072 380 1110 ceteris
400 1071 580 1121 gentibus
608 1071 681 1109 nisi
705 1071 872 1110 invecta.
925 1072 1064 1109 eadem
1086 1078 1185 1109 terra
1204 1071 1470 1110 rhinocerotas

91 1159 120 1181 η
141 1138 220 1181 alit,
242 1150 322 1175 non
342 1145 511 1186 generat.
570 1137 867 1185 elephantorum
897 1135 1022 1173 maior
1050 1143 1108 1174 est
1136 1135 1204 1181 vis,
1226 1148 1344 1184 quam
1371 1149 1470 1185 quos

92 1215 121 1239 18
142 1201 180 1238 in
202 1201 331 1238 Africa
352 1201 558 1245 domitant,
581 1209 619 1238 et
639 1199 784 1237 viribus
804 1199 1034 1247 magnitudo
1054 1199 1277 1248 respondet.
1331 1212 1467 1237 aurum

144 1266 306 1304 flumina
336 1266 494 1311 vehunt,
528 1278 628 1314 quae
660 1265 738 1302 leni
769 1264 1008 1313 modicoque
1042 1265 1151 1313 lapsu
1185 1276 1322 1313 segnes
1348 1277 1469 1313 aquas

89 1356 119 1380 19
140 1333 301 1370 ducunt.
378 1344 554 1381 gemmas
582 1330 888 1380 margaritasque
922 1343 1029 1368 mare
1067 1329 1242 1367 litoribus
1271 1328 1467 1367 infundit:

143 1409 272 1445 neque
292 1395 367 1433 alia
387 1395 460 1433 illis
480 1395 604 1433 maior
623 1394 847 1444 opulentiae
868 1407 986 1432 causa
1006 1402 1075 1439 est,
1097 1393 1232 1443 utique
1259 1401 1467 1442 postquam

142 1461 323 1499 vitiorum
353 1458 632 1498 commercium
662 1461 866 1510 vulgavere
895 1459 933 1497 in
965 1467 1111 1497 exteras
1133 1467 1293 1508 gentes:
1323 1458 1469 1508 quippe

143 1525 397 1563 aestimantur
439 1532 696 1574 purgamenta
741 1523 1001 1562 exaestuantis
1044 1523 1129 1562 freti
1181 1522 1315 1572 pretio,
1361 1524 1467 1572 quod

91 1611 123 1628 20
141 1589 265 1627 libido
303 1587 527 1645 constituit..
580 1588 736 1638 ingenia
773 1588 991 1633 hominum,
1031 1588 1129 1625 sicut
1163 1588 1319 1636 ubique,
1360 1588 1467 1637 apud

89 1676 119 1692 ει
142 1654 228 1693 illos
259 1655 434 1692 locorum
467 1667 625 1703 quoque
655 1654 750 1692 situs
781 1655 930 1691 format.
990 1665 1155 1701 corpora
1184 1665 1309 1701 usque
1347 1653 1468 1701 pedes

144 1720 306 1756 carbaso
326 1719 467 1764 velant,
491 1718 606 1756 soleis
627 1719 759 1768 pedes,
782 1718 911 1767 capita
930 1717 1058 1755 linteis
1074 1716 1260 1761 vinciunt,
1283 1716 1401 1766 lapilli
1422 1730 1469 1755 ex

144 1783 302 1822 auribus
339 1784 527 1833 pendent,
557 1783 716 1821 brachia
745 1796 903 1832 quoque
933 1790 970 1821 et
1001 1783 1164 1820 lacertos
1196 1794 1290 1819 auro
1321 1782 1468 1827 colunt,

91 1869 122 1886 22
143 1849 285 1898 quibus
305 1848 404 1887 inter
423 1849 630 1898 populares
650 1855 717 1885 aut
744 1847 926 1885 nobilitas
955 1855 1021 1884 aut
1048 1858 1143 1895 opes
1169 1845 1351 1884 eminent.
1410 1858 1470 1883 ca-

145 1913 283 1963 pillum
321 1921 484 1963 pectunt
522 1913 687 1962 saepius,
727 1925 845 1962 quam
883 1912 1062 1956 tondent,
1102 1918 1278 1948 mentum
1317 1923 1471 1960 semper

144 1977 345 2016 intonsum
366 1985 434 2022 est,
455 1976 645 2026 reliquam
666 1976 742 2015 oris
763 1984 892 2014 cutem
913 1976 963 2013 ad
985 1973 1155 2024 speciem
1177 1973 1342 2012 levitatis
1363 1987 1471 2013 exae-

92 2065 123 2089 23
147 2050 279 2092 quant.
337 2054 472 2091 regum
511 2049 642 2079 tamen
680 2040 840 2087 luxuria,
875 2053 990 2090 quam
1031 2039 1102 2089 ipsi
1140 2038 1469 2087 magnificentiam

144 2106 357 2156 appellant,
379 2117 496 2154 super
523 2105 700 2143 omnium
721 2104 896 2154 gentium
917 2103 1020 2141 vitia.
1078 2115 1169 2139 cum
1195 2114 1262 2138 rex
1288 2109 1411 2140 semet
1431 2101 1469 2140 in

143 2169 304 2220 publico
338 2168 514 2223 conspici
547 2169 703 2219 patitur,
735 2168 903 2206 turibula
931 2173 1113 2216 argentea
1142 2165 1304 2202 ministri
1343 2166 1471 2204 ferunt

143 2241 350 2284 totumque
370 2233 452 2280 iter,
474 2246 542 2283 per
561 2235 669 2284 quod
695 2233 782 2272 ferri
811 2231 1031 2277 destinavit,
1055 2229 1241 2268 odoribus
1270 2230 1467 2280 conplent.
