1563 2446
162 96 211 131 68
594 96 639 144 Q.
676 97 862 135 CL'RJY
893 97 1049 134 RUFI

161 179 349 218 came-ntis
389 181 525 219 frustra
558 180 788 226 inhiberent,
822 183 970 219 clamor
1009 183 1122 220 simul
1161 192 1278 232 atque
1317 184 1487 232 ploratus

161 244 373 282 amicorum
395 246 524 288 orimr.
546 260 674 295 regem
697 248 889 296 expirasse
910 249 1166 286 credentium.
1217 249 1376 286 tandem
1397 261 1488 286 con-

162 308 256 346 stitit
283 309 448 359 sanguis,
471 311 737 360 paulatimque
768 311 943 349 animum
971 311 1117 360 recepit
1137 319 1174 349 et
1195 311 1486 350 circumstantes

107 394 140 416 30
159 373 288 422 coepit
319 375 570 423 adgnoscere.
628 383 712 412 toto
747 388 795 413 eo
822 375 886 414 die
911 389 956 413 ac
983 384 1112 420 nocte,
1134 389 1234 424 quae
1263 384 1395 413 secuta
1417 384 1485 420 est,

161 447 329 476 armatus
361 439 550 477 exereitus
582 440 726 489 regiam
761 440 927 486 obsedit,
961 440 1161 477 consessus
1200 452 1336 477 omnes
1374 439 1487 476 unius

161 504 294 553 spiritu
334 505 472 543 vivere.
550 519 623 543 nec
661 506 765 555 prius
805 513 1059 549 recesserunt,
1100 519 1217 554 quam
1256 513 1486 554 conpertum

162 574 219 603 est
260 579 400 604 somno
440 567 635 616 paulisper
672 567 934 616 adquiescere.
1005 567 1098 605 hinc
1133 567 1337 606 certiorem
1377 579 1486 616 spem

162 630 294 667 salutis
315 630 397 668 eius
417 630 455 667 in
477 639 599 668 castra
620 632 858 669 rettulerunt.

109 694 136 737 6
247 696 332 732 Rex
354 706 413 732 V11
435 695 574 733 diebus
594 704 728 733 curato
743 697 901 734 vulnere
918 696 1086 734 necdum
1102 696 1275 733 obducta
1295 693 1483 738 cicatrice,

161 772 251 796 cum
272 759 443 797 audisset
464 759 709 798 convaluisse
729 761 835 809 apud
856 761 1042 799 barbaros
1062 762 1204 798 samam
1227 759 1360 797 mortis
1381 771 1484 803 suae,

163 825 317 862 duobus
334 824 495 874 navigiis
512 825 653 863 iunctis
670 825 785 863 statui
799 825 837 862 in
853 825 1028 864 medium
1042 826 1215 874 undique
1232 824 1485 874 conspicuum

161 890 457 927 tabernaculum
486 889 606 935 iussit,
631 903 676 928 ex
704 903 784 939 quo
813 903 854 928 se
881 891 1104 928 ostenderet
1129 890 1273 939 perisse
1300 887 1486 927 credenti-

162 954 254 991 bus:
295 962 608 1003 conspectusque
637 954 686 992 ab
714 954 852 992 incolis
882 967 991 1003 spem
1021 954 1194 992 hostium
1220 955 1318 992 falso
1346 951 1484 990 nuntio

131 1038 145 1054 2
167 1026 397 1067 conceptam
436 1018 614 1057 inhibuit.
691 1020 864 1057 secundo
903 1019 1046 1057 deinde
1077 1031 1192 1057 amne
1224 1018 1394 1065 defluxit,
1420 1017 1486 1055 ali-

161 1092 349 1131 quantum
370 1083 560 1121 intervalli
582 1097 604 1122 a
624 1092 752 1122 cetera
773 1085 896 1122 classe
924 1083 1177 1133 praecipiens,
1199 1096 1248 1121 ne
1275 1083 1385 1132 quies
1405 1095 1485 1120 cor-

162 1147 244 1196 pori
265 1148 438 1186 invalido
459 1150 588 1187 adbuc
609 1149 826 1187 necessaria
846 1150 956 1198 pulsu
979 1162 1173 1187 remorum
1195 1148 1441 1198 inpediretur.

246 1214 406 1261 Quarto,
440 1222 649 1263 postquam
687 1214 868 1264 navigare
907 1221 1100 1263 coeperat,
1133 1213 1196 1251 die
1234 1212 1407 1262 pervenit
1445 1212 1483 1250 in

162 1277 359 1326 regionem
397 1279 591 1316 desertam
630 1278 789 1327 quidem
827 1279 876 1317 ab
920 1278 1068 1324 incolis,
1109 1279 1178 1316 sed
1216 1279 1408 1315 frumento
1445 1285 1483 1315 et

161 1341 366 1389 pecoribus
395 1343 672 1380 abundantem.
731 1343 877 1392 placuit
901 1343 931 1380 is
957 1344 1067 1381 locus
1093 1351 1131 1380 et
1154 1343 1204 1380 ad
1233 1355 1341 1380 suam
1369 1350 1408 1379 et
1433 1343 1484 1379 ad

131 1427 144 1448 4
166 1406 332 1443 militum
354 1407 538 1456 requiem.
598 1420 684 1444 mos
706 1415 786 1445 erat
809 1406 1048 1456 principibus
1067 1406 1281 1443 amicorum
1302 1412 1339 1442 et
1359 1412 1484 1442 custo-

162 1470 276 1507 dibus
303 1471 477 1520 corporis
504 1472 696 1510 excubare
720 1480 811 1510 ante
841 1472 1087 1522 praetorium,
1117 1471 1297 1520 quotiens
1322 1470 1484 1507 adversa

161 1534 240 1584 regi
261 1535 435 1573 valitudo
457 1535 668 1574 incidisset.
726 1537 803 1575 hoc
823 1545 905 1574 tum
926 1550 1082 1586 quoque
1103 1549 1210 1574 more
1231 1542 1382 1573 servato
1402 1535 1485 1572 uni-

129 1618 142 1640 5
164 1597 261 1636 versi
291 1598 515 1636 cubiculum
545 1599 628 1637 eius
656 1599 810 1638 intrant.
870 1600 934 1638 ille
964 1600 1164 1646 sollicitus,
1190 1612 1240 1637 ne
1270 1598 1363 1648 quid
1393 1598 1483 1636 novi

160 1662 366 1708 adferrent,
397 1662 489 1711 quia
527 1663 640 1700 simul
671 1671 868 1710 venerant,
898 1672 1158 1713 percontatur,
1189 1676 1284 1700 num
1312 1661 1482 1700 hostium

126 1738 139 1761 6
161 1739 293 1764 recens
327 1728 567 1765 nuntiaretur
597 1729 799 1766 adventus.
858 1736 897 1766 at
931 1730 1122 1772 Craterus,
1157 1727 1219 1765 cui
1253 1728 1483 1764 mandatum

160 1799 251 1837 erat,
280 1799 322 1829 ut
349 1792 562 1829 amicorum
590 1805 724 1841 preces
750 1794 933 1842 perferret
959 1793 1008 1830 ad
1039 1805 1140 1832 eum,
1168 1791 1403 1835 ‘Credisne'‚
1430 1790 1485 1828 in-

160 1856 254 1904 quit,
275 1856 461 1894 ‘adventu
478 1857 600 1905 magis
621 1857 889 1894 hostium—ut
910 1857 985 1894 iam
1002 1857 1040 1893 in
1057 1858 1157 1894 vallo
1174 1855 1481 1893 consisterent—

126 1942 140 1965 7
160 1920 346 1959 sollicitos
367 1934 462 1966 esse,
481 1934 599 1970 quam
620 1934 711 1958 cura
732 1921 864 1959 salutis
886 1930 985 1967 tuae,
1009 1930 1049 1959 ut
1070 1933 1174 1958 nunc
1194 1928 1263 1965 est,
1286 1918 1355 1956 tibi
1375 1919 1485 1957 vilis?

161 1985 403 2034 quantalibet
431 1985 489 2023 vis
518 1985 693 2023 omnium
723 1985 896 2036 gentium
928 1985 1123 2034 conspiret
1157 1985 1196 2022 in
1226 1998 1310 2031 nos,
1340 1985 1485 2035 inpleat

161 2049 276 2087 armis
313 2050 480 2098 virisque
519 2058 644 2088 totum
683 2051 830 2097 orbem,
864 2050 1051 2088 classibus
1090 2049 1211 2087 maria
1248 2057 1483 2092 consternat,

127 2128 141 2151 ε
162 2114 376 2152 inuisitatas
399 2116 532 2153 beluas
558 2115 735 2153 inducat:
765 2124 807 2153 tu
833 2128 905 2153 nos
933 2115 1144 2164 praestabis
1173 2114 1348 2152 invictos.
1415 2115 1485 2152 sed

160 2178 247 2227 quis
268 2179 430 2217 deorum
460 2180 534 2217 hoc
562 2179 822 2217 Macedoniae
851 2180 1033 2217 columen
1060 2191 1107 2216 ac
1129 2177 1236 2216 sidus
1262 2178 1484 2215 diuturnum

159 2243 240 2281 sore
280 2243 454 2292 polliceri
493 2251 632 2294 potest,
668 2256 758 2281 cum
793 2251 869 2281 tam
905 2242 1019 2281 avide
1058 2241 1273 2280 manifestis
1302 2240 1484 2291 periculis
