1563 2446
222 91 660 129 HISTORJARUM
689 90 1060 127 ALEXANDRJ
1089 90 1165 136 IX,
1202 103 1231 126 1.
1348 102 1394 139 53

77 178 301 217 Alexander
320 176 488 215 nuntiari
512 175 633 223 iussit,
656 175 687 214 si
713 182 933 226 gravaretur
959 176 1010 214 ad
1037 188 1078 214 se
1103 175 1245 223 venire,
1268 175 1397 225 ipsum

76 242 126 279 ad
147 254 236 279 eum
258 254 343 278 esse
363 248 579 278 venturum.

158 305 267 342 Hinc
288 317 402 353 porro
423 317 537 341 amne
559 312 741 354 superato
761 305 812 343 ad
833 303 1017 343 interiora
1038 303 1176 343 Indiae
1196 303 1394 354 processit.

77 369 195 407 silvae
226 376 335 406 erant
366 381 487 417 prope
519 367 559 405 in
592 368 813 407 inmensum
841 368 1009 418 spatium
1032 368 1196 406 diffusae
1215 368 1398 417 proceris·
1418 390 1432 412 9

77 447 152 484 que
184 442 224 472 et
254 433 294 471 in
325 433 506 472 eximiam
537 433 784 472 altitudinem
816 433 930 471 editis
960 433 1161 471 arboribus
1180 433 1395 471 umbrosae.

76 497 250 548 plerique
270 497 366 535 rami
387 497 506 535 instar
525 497 741 547 ingentium
770 497 944 547 stipitum
973 497 1062 535 flexi
1082 496 1121 534 in
1142 498 1306 534 humum
1327 511 1400 534 rur-
1424 520 1453 533 ω

77 575 153 609 sus,
175 576 252 612 qua
282 576 324 601 se
355 570 621 608 curvaverant,
644 561 901 611 erigebantur,
924 563 1025 600 adeo
1052 569 1094 599 ut
1122 562 1271 611 species
1298 572 1398 600 esset

77 641 156 666 non
188 628 283 665 rami
313 627 559 677 resurgentis,
582 628 651 665 sed
681 627 828 665 arboris
859 640 905 665 ex
936 640 1003 665 sua
1030 627 1160 665 radice
1179 636 1396 677 generatae.

78 690 176 728 caeli
196 691 404 740 temperies
425 691 605 728 salubris:
637 690 781 739 quippe
809 698 846 728 et
872 690 950 727 vim
978 691 1070 728 solis
1090 691 1252 729 umbrae
1272 691 1401 729 levant
1423 713 1451 728 ιι

77 763 116 793 et
146 768 271 804 aquae
303 756 406 804 large
438 763 599 792 manant
633 768 654 792 e
689 755 871 793 fontibus.
932 762 1105 793 ceterum
1136 754 1200 792 hic
1231 768 1389 805 quoque
1423 778 1451 793 12

77 821 315 869 serpentium
346 832 488 868 magna
517 819 573 857 vis
607 827 685 857 erat
717 819 888 868 squamis
921 820 1109 870 fulgorem
1135 819 1216 857 auri
1236 821 1399 858 redden-

77 885 191 923 tibus.
241 885 343 923 virus
364 885 471 922 haud
492 885 611 921 ullum
633 884 755 933 magis
776 884 935 921 noxium
956 892 1032 922 est:
1059 884 1205 933 quippe
1225 897 1398 923 morsum

78 964 259 1000 praesens
280 963 383 988 mors
404 950 648 999 sequebatur,
671 950 800 987 donec
819 950 869 987 ab
895 949 1033 987 incolis
1059 949 1275 988 remedium
1296 950 1399 988 obla-

77 1024 160 1052 tum
181 1021 248 1052 est.
308 1013 399 1051 hinc
419 1027 488 1062 per
508 1015 662 1051 deserta
682 1021 841 1051 ventum
863 1021 920 1051 est
940 1014 990 1051 ad
1011 1014 1157 1051 flumen
1179 1014 1395 1063 Hyarotim.
1422 1036 1448 1059 η

77 1078 254 1116 iunctum
282 1086 362 1116 erat
388 1078 538 1115 flumini
566 1091 715 1124 nemus,
738 1091 906 1127 opacum
932 1078 1133 1116 arboribus
1159 1078 1251 1116 alibi
1270 1078 1398 1116 inuisi-

78 1142 166 1180 tatis
192 1141 479 1191 agrestiumque
506 1155 704 1190 pavonum
731 1142 983 1180 multitudine
1015 1143 1208 1190 frequens.
1266 1143 1400 1181 castris
1424 1165 1452 1186 η,

77 1207 168 1244 inde
189 1206 305 1244 motis
326 1206 517 1255 oppidum
538 1207 644 1243 haud
664 1208 800 1255 procul
818 1206 990 1256 positum
1011 1219 1157 1244 corona
1176 1206 1279 1256 capit
1299 1207 1398 1245 obsi-

78 1269 269 1318 dibusque
289 1269 460 1318 acceptis
482 1269 718 1318 stipendium
739 1270 902 1319 inponit.

158 1336 223 1374 Ad
253 1348 435 1384 magnam
467 1335 624 1378 deinde,
646 1343 688 1373 ut
719 1334 759 1372 in
790 1348 836 1373 ea
856 1334 1026 1384 regione,
1048 1335 1184 1373 urbem
1207 1335 1394 1385 pervenit,

76 1414 157 1439 non
177 1414 287 1438 muro
308 1401 445 1446 solum,
468 1401 538 1438 sed
559 1400 674 1438 etiam
696 1401 839 1450 palude
860 1401 1063 1438 munitam.
1123 1409 1296 1439 ceterum
1317 1402 1399 1439 bar·
1421 1423 1449 1445 15

77 1466 158 1504 bari
189 1464 377 1503 vehiculis
408 1464 508 1502 inter
538 1478 578 1502 se
609 1464 751 1503 iunctis
783 1465 1002 1503 dimicaturi
1023 1473 1289 1503 occurrerunt:
1322 1468 1399 1504 tela

77 1528 160 1566 aliis
187 1529 332 1574 hastae,
355 1527 438 1565 aliis
465 1541 618 1565 secures
645 1537 766 1575 erant,
786 1528 1135 1577 transiliebantque
1161 1529 1200 1566 in
1220 1529 1399 1567 vehicula

78 1602 236 1631 strenuo
257 1594 367 1639 saltu,
389 1606 479 1630 cum
500 1606 720 1631 succurrere
747 1593 1011 1632 laborantibus
1039 1593 1115 1631 suis
1141 1595 1295 1632 vellent.
1353 1607 1398 1631 ac
1421 1607 1451 1631 16

78 1657 204 1706 primo
242 1657 442 1695 insolitum
479 1670 601 1706 genus
640 1670 795 1707 pugnae
837 1658 1082 1695 Macedonas
1122 1658 1266 1704 terruit,
1306 1672 1396 1696 cum

79 1721 231 1758 eminus
251 1722 559 1759 vulnerarentur:
587 1721 731 1759 deinde
751 1729 880 1770 spreto
909 1728 989 1758 tam
1020 1721 1224 1760 incondito
1252 1723 1397 1760 auxilio

78 1785 127 1822 ab
158 1792 325 1833 utroque
355 1785 474 1822 latere
503 1785 691 1823 vehiculis
723 1785 945 1823 circumfusi
974 1794 1237 1835 repugnantes
1263 1787 1397 1824 fodere

79 1857 301 1897 coeperunt.
360 1857 399 1887 et
428 1848 594 1894 vincula,
630 1849 717 1898 quis
751 1858 932 1888 conserta
966 1859 1085 1897 erant,
1121 1850 1231 1888 iussit
1264 1851 1396 1897 incidi,
1421 1873 1450 1896 η

80 1923 157 1959 quo
188 1910 336 1949 facilius
368 1911 518 1960 singula
544 1912 923 1951 circumvenirentur.
982 1913 1114 1962 itaque
1134 1925 1210 1951 vm
1242 1913 1397 1952 milibus

80 1987 238 2012 suorum
267 1975 417 2014 amissis
446 1976 486 2014 in
516 1977 706 2026 oppidum
727 1978 959 2027 refugerunt.
1018 1985 1176 2027 postero
1202 1978 1266 2016 die
1287 1979 1398 2016 scalis
1421 1993 1449 2017 18

81 2041 255 2090 undique
283 2040 451 2078 admotis
481 2041 579 2078 muri
609 2050 869 2090 occupantur:
899 2042 1034 2091 paucis
1054 2041 1261 2091 pernicitas
1282 2043 1395 2080 saluti

79 2105 161 2142 fuit.
229 2103 296 2152 qui
328 2104 485 2153 cognito
519 2104 623 2143 urbis
657 2106 811 2143 excidio
844 2107 1030 2155 paludem
1064 2114 1321 2153 transnavere,
1356 2107 1395 2144 in

79 2167 207 2206 vicina
235 2167 380 2216 oppida
407 2167 606 2216 ingentem
635 2168 798 2207 intulere
830 2179 1026 2215 terrorem,
1048 2169 1235 2208 invictum
1256 2170 1395 2208 exerci-

78 2242 162 2273 tum
182 2239 220 2270 et
241 2231 401 2270 deorum
420 2232 595 2281 profecto
615 2232 822 2272 advenisse
843 2242 1116 2272 memorantes,
