1563 2446
218 81 656 121 HISTORIARUAI
685 81 1053 118 ALEXANDRJ
1084 82 1158 126 JX,
1197 93 1228 131 5.
1344 84 1391 132 65

74 179 146 205 nec
171 166 299 204 subire
327 166 468 204 milites
492 172 682 215 poterant,
705 165 795 215 quia
815 179 980 215 superne
1002 166 1038 204 vi
1068 168 1231 205 telorum
1264 168 1399 206 obrue·
1419 189 1451 213 3²

74 231 223 268 bantur.
274 232 432 269 tandem
453 230 762 280 magnitudinem
785 231 943 280 periculi
964 232 1091 279 pudor
1109 231 1219 269 vicit:
1250 232 1396 280 quippe

74 295 286 333 cernebant
314 295 564 333 cunctatione
593 307 662 332 sua
692 295 783 332 dedi
811 295 987 332 hostibus
1014 308 1157 344 regem.
1228 296 1298 334 scd
1330 297 1399 333 ses-
1420 317 1450 339 33

75 358 239 397 tinando
282 361 533 397 morabantur
569 359 722 397 auxilia.
794 372 885 397 nam
923 360 1017 397 dum
1055 372 1125 408 pro
1157 372 1199 397 se
1232 359 1396 408 quisque

74 431 195 461 certat
229 425 404 469 evadere,
439 436 648 461 oneravere
686 424 832 461 scalas:
879 423 964 473 quis
994 437 1075 462 non
1117 423 1397 462 sufficientibus

75 487 248 524 devoluti
287 487 443 524 unicam
482 500 592 536 spem
631 487 729 536 regis
768 488 994 526 fefellerunt.
1055 488 1181 525 stabat
1219 487 1324 525 enim
1359 488 1396 524 in

74 559 288 599 conspectu
305 551 400 588 tanti
421 551 609 589 exercitus
625 552 729 589 velut
750 551 788 588 in
809 551 1018 590 solitudine
1039 551 1256 590 destitutus.
1305 552 1397 589 iam·
1416 551 1442 595 5

75 627 150 663 que
177 616 338 661 laevam,
362 628 439 664 qua
473 615 640 664 clipeum
667 616 718 653 ad
743 615 842 653 ictus
863 615 1168 663 circumferebat,
1192 617 1397 654 lassaverat

75 679 331 717 clamantibus
357 679 501 726 amicis,
525 687 567 717 ut
595 680 643 717 ad
670 680 774 729 ipsos
801 679 981 725 desiliret,
1008 680 1240 729 stabantque
1264 693 1399 729 excep-

75 742 170 781 turi:
201 756 290 780 cum
315 743 378 781 ille
404 756 483 781 rem
515 757 630 781 ausus
658 751 715 781 est
742 743 1009 782 incredibilem
1039 751 1156 792 atque
1182 744 1397 781 inauditam

75 808 277 856 multoque
297 807 418 857 magis
435 809 484 846 ad
502 809 642 845 samam
660 808 884 846 temeritatis
900 821 1018 857 quam
1034 807 1177 857 gloriae
1193 808 1394 857 insignem.

76 884 245 920 namque
265 871 302 908 in
325 872 460 909 urbem
482 872 651 909 hostium
672 873 827 921 plenam
848 871 1048 921 praecipiti
1069 873 1168 909 saltu
1189 872 1397 921 semetipse
1418 894 1432 909 2

76 935 232 981 inmisit,
268 949 357 973 cum
391 936 453 973 vix
487 949 640 985 sperare
674 944 815 986 posset,
842 936 1093 974 dimicantem
1120 945 1222 974 certe
1255 944 1292 974 et
1318 950 1398 974 non
1425 961 1428 964 ·

76 999 240 1038 inultum
271 1014 354 1038 esse
381 1001 630 1038 moriturum:
661 1001 806 1050 quippe
833 1008 1042 1050 antequam
1072 1002 1306 1050 adsurgeret,
1333 1014 1399 1050 op-

76 1064 189 1112 primi
219 1072 369 1113 poterat
395 1072 433 1102 et
457 1064 542 1114 capi
562 1065 681 1103 vivus.
740 1066 811 1103 sed
831 1067 927 1103 forte
949 1065 1002 1103 ita
1022 1066 1225 1104 libraverat
1245 1079 1396 1115 corpus,
1420 1087 1433 1109 3

76 1137 116 1166 ut
142 1142 182 1166 se
210 1129 374 1177 pedibus
404 1129 604 1178 exciperet.
665 1129 794 1178 itaque
821 1137 926 1167 stans
953 1129 1022 1167 init
1047 1143 1244 1179 pugnam:
1274 1138 1322 1177 et,
1348 1144 1397 1168 ne

77 1192 270 1229 circumiri
304 1200 446 1242 posset,
478 1195 631 1231 fortuna
662 1193 889 1242 providerat.
963 1202 1113 1232 vetusta
1147 1197 1261 1232 arbor
1293 1196 1397 1232 haud
1419 1215 1432 1238 ⁴

76 1257 210 1305 procul
231 1270 341 1294 muro
362 1270 489 1295 ramos
510 1259 631 1295 multa
651 1258 787 1295 fronde
809 1257 978 1304 vestitos,
1000 1259 1106 1295 velut
1133 1259 1182 1296 de
1211 1258 1399 1296 industria

76 1334 207 1370 regem
232 1329 490 1370 protegentes,
520 1322 738 1360 obiecerat:
769 1322 882 1359 huius
909 1322 1080 1371 spatioso
1105 1323 1224 1372 stipiti
1244 1336 1396 1372 corpus,

74 1397 124 1422 ne
148 1384 340 1422 circumiri
367 1393 510 1434 posset,
539 1386 737 1435 adplicuit,
761 1386 888 1435 clipeo
912 1387 999 1433 tela,
1031 1400 1130 1435 quae
1160 1401 1208 1425 ex
1235 1388 1398 1426 adverso

70 1448 356 1502 ingerebantur,
383 1450 589 1499 excipiens.
638 1464 730 1488 nam
757 1464 847 1488 cum
873 1464 995 1488 unum
1018 1453 1152 1500 procul
1178 1459 1236 1489 tot
1261 1465 1399 1490 manus
1420 1473 1434 1495 5

75 1521 264 1562 peterent,
291 1527 409 1552 nemo
441 1522 571 1552 tamen
598 1515 770 1553 audebat
795 1515 954 1564 propius
991 1517 1202 1554 accedere:
1240 1516 1399 1554 missilia

76 1578 192 1616 ramis
229 1580 340 1627 plura
377 1592 495 1628 quam
534 1579 660 1629 clipeo
687 1579 922 1618 incidebant.
986 1581 1185 1630 pugnabat
1209 1594 1280 1629 pro
1311 1594 1400 1630 rege
1420 1595 1435 1619 6

76 1643 245 1691 primum
283 1644 465 1682 celebrati
504 1645 672 1682 nominis
711 1646 825 1689 fama,
865 1645 1007 1684 deinde
1045 1646 1274 1695 desperatio,
1297 1660 1400 1696 mag-

77 1720 172 1744 num
220 1708 269 1745 ad
313 1709 478 1747 honeste
525 1709 774 1747 moriendum
812 1709 1120 1748 incitamentum.
1198 1711 1267 1748 sed
1310 1724 1399 1748 cum
1422 1731 1436 1754 7

79 1771 244 1809 subinde
282 1772 405 1810 hostis
443 1774 642 1819 adflueret,
682 1773 760 1811 iam
794 1773 993 1823 ingentem
1031 1774 1109 1812 vim
1141 1776 1307 1813 telorum
1339 1789 1400 1813 ex-

78 1844 234 1885 ceperat
260 1837 395 1886 clipeo,
420 1838 497 1875 iam
523 1840 674 1887 galeam
697 1852 790 1876 saxa
814 1841 1088 1889 perfregerant,
1111 1840 1187 1877 iam
1212 1840 1399 1878 continuo

80 1901 210 1938 labore
248 1901 376 1950 gravia
412 1915 541 1951 genua
578 1903 833 1942 succiderant.
897 1904 1029 1953 itaque
1067 1904 1324 1953 contemptim
1363 1912 1434 1942 ets

80 1964 245 2009 incaute,
276 1965 343 2014 qui
371 1966 536 2015 proximi
559 1975 755 2015 steterant,
785 1967 1053 2006 incurrerunt:
1088 1981 1109 2005 e
1133 1968 1275 2017 quibus
1300 1969 1399 2006 duos

79 2027 209 2075 gladio
240 2028 293 2065 ita
323 2030 485 2078 excepit,
521 2039 563 2069 ut
589 2039 678 2069 ante
709 2031 837 2080 ipsum
863 2032 1061 2070 exanimes
1088 2033 1397 2081 procumberent.

82 2104 155 2129 nec
185 2091 368 2140 cuiquam
399 2094 541 2132 deinde
567 2095 726 2144 propius
757 2095 977 2134 incessendi
1008 2109 1096 2134 eum
1128 2095 1279 2133 animus
1307 2095 1400 2133 fuit:

82 2156 217 2204 procul
250 2155 375 2194 iacula
405 2158 640 2207 sagittasque
672 2158 888 2197 mittebant.
945 2159 1009 2197 ille
1047 2159 1098 2195 ad
1129 2171 1265 2196 omnes
1304 2157 1401 2195 ictus
1422 2178 1437 2203 9

81 2215 280 2266 expositus
300 2230 380 2256 non
400 2231 512 2267 aegre
533 2227 665 2257 tamen
689 2227 896 2269 exceptum
921 2219 1134 2270 poplitibus
1158 2232 1298 2269 corpus
1322 2226 1402 2256 tue—

190 2291 224 2319 c.
1287 2295 1307 2332 5
