1563 2446
231 83 564 122 HISTORJAR
576 83 671 121 ΗΜ
700 81 1068 119 ALEXANDRJ
1094 81 1170 126 ΑΥ,
1207 93 1262 118 10.
1362 92 1408 128 79

89 169 286 219 debatque
318 176 437 208 terras
470 170 587 219 paulo
618 176 708 206 ante
739 168 936 218 profundo
970 167 1052 205 salo
1083 178 1240 204 mersas.
1298 165 1411 214 igitur

89 233 274 273 destituta
295 234 446 283 navigia
466 233 541 271 alia
560 232 863 282 praecipitantur
891 231 930 268 in
954 244 1098 280 proras,
1125 230 1201 267 alia
1223 230 1263 267 in
1292 231 1411 267 latera

89 298 362 347 procumbunt.
421 297 527 335 strati
554 304 662 335 erant
688 295 817 345 campi
844 295 1014 340 sarcinis,
1045 294 1171 340 armis,
1193 294 1409 331 avulsarum

89 361 306 399 tabularum
339 374 612 409 remorumque
643 359 878 409 fragmentis.
954 358 1064 396 miles
1104 371 1177 395 nec
1211 357 1341 407 egredi
1375 357 1412 394 in

90 433 228 462 terram
249 438 321 462 nec
341 425 381 462 in
402 438 500 463 nave
527 423 734 462 subsistere
761 423 943 469 audebat,
965 422 1181 460 identidem
1200 421 1415 471 praesenti-

90 489 162 527 bus
194 489 378 539 graviora,
411 502 510 538 quae
536 494 800 537 sequerentur,
831 494 1050 536 expectans.
1109 486 1181 532 vix,
1206 499 1306 535 quae
1332 498 1412 534 per-

89 552 345 602 petiebantur,
380 553 512 592 videre
543 552 647 602 ipsos
681 552 904 596 credebant,
940 551 979 587 in
1006 550 1111 588 sicco
1137 549 1344 599 naufragia,
1374 548 1412 586 in

1436 378 1464 393 21

90 617 196 655 amni
216 630 331 656 mare.
390 630 463 655 nec
488 617 574 654 finis
599 617 809 654 malorum:
839 615 984 664 quippe
1010 622 1162 652 aestum
1186 615 1304 663 paulo
1325 622 1411 663 post
1435 635 1464 650 22

91 694 196 719 mare
219 683 441 728 relaturum,
464 694 544 730 quo
572 680 725 730 navigia
748 681 1028 725 adlevarentur,
1052 679 1184 729 ignari,
1206 680 1349 716 famem
1377 687 1412 716 et

91 746 227 784 ultima
245 746 400 784 sibimet
420 745 703 784 ominabantur.
761 745 900 783 beluae
920 756 1078 793 quoque
1099 742 1280 780 fluctibus
1301 742 1415 780 desti-

91 819 197 849 tutae
212 810 399 849 terribiles
413 811 661 860 vagabantur.
711 808 866 858 iamque
887 821 965 846 nox
985 808 1206 857 adpetebat,
1228 815 1266 845 et
1285 820 1414 856 regem
1438 827 1466 848 2„-

93 888 250 925 quoque
271 874 489 924 desperatio
510 873 642 912 salutis
663 872 904 922 aegritudine
925 873 1132 910 adfecerat.
1182 885 1262 909 non
1282 879 1414 909 tamen

93 939 280 978 invictum
306 939 482 977 animum
509 952 623 977 curae
644 939 823 984 obruunt,
848 937 942 986 quin
963 945 1045 975 tota
1064 944 1180 975 nocte
1201 935 1413 986 persideret

93 1003 133 1041 in
164 1003 330 1053 speculis
362 1002 591 1052 equitesque
622 1001 885 1051 praemitteret
913 1002 965 1039 ad
998 1013 1042 1039 os
1075 999 1211 1048 amnis,
1242 1007 1295 1046 ut,
1326 1013 1414 1037 cum

94 1081 197 1106 mare
228 1081 356 1105 rursus
389 1075 614 1106 exaestuare
645 1066 866 1112 sensissent,
905 1067 1192 1115 praecederent.
1266 1063 1417 1114 navigia
1438 1086 1450 1100 2

95 1145 252 1182 quoque
279 1141 317 1171 et
342 1134 510 1170 lacerata
534 1131 639 1170 refici
660 1139 697 1170 et
717 1144 849 1169 eversa
869 1130 1048 1169 fiuctibus
1069 1130 1162 1180 erigi
1182 1129 1289 1167 iubet
1309 1142 1415 1178 para-

94 1206 232 1246 tosque
259 1210 343 1235 esse
367 1204 405 1235 et
428 1196 610 1241 intentos,
636 1209 726 1233 cum
752 1208 880 1233 rursus
907 1208 1013 1233 mare
1034 1202 1151 1233 terras
1172 1194 1411 1232 inundasset.

94 1269 176 1299 tota
195 1274 241 1300 ea
260 1269 377 1299 nocte
396 1261 495 1298 inter
514 1259 660 1309 vigilias
681 1259 1051 1308 adhortationesque
1071 1266 1304 1308 consumpta
1323 1259 1420 1296 cele—

1439 1277 1469 1300 25

94 1325 183 1363 riter
207 1332 246 1363 et
272 1324 420 1374 equites
446 1323 594 1373 ingenti
623 1337 736 1361 cursu
764 1325 938 1372 refugere
958 1330 997 1361 et
1016 1330 1172 1360 secutus
1193 1331 1250 1361 est
1270 1330 1409 1361 aestus.
1440 1322 1446 1329 '

95 1390 161 1440 qui
186 1389 312 1439 primo
336 1388 447 1438 aquis
470 1388 549 1427 leni
573 1396 697 1426 tractu
725 1388 983 1426 subeuntibus
1007 1387 1138 1436 coepit
1164 1388 1291 1425 levare
1311 1387 1416 1425 navi-

94 1452 166 1503 gia,
188 1466 280 1491 mox
298 1452 389 1490 totis
409 1452 555 1501 campis
575 1451 772 1489 inundatis
793 1451 909 1489 etiam
930 1451 1069 1500 inpulit
1089 1452 1264 1489 classem.
1313 1452 1418 1500 plau-
1440 1472 1451 1487 ε

95 1531 237 1567 susque
258 1518 424 1555 militum
444 1516 768 1566 nauticorumque
784 1515 1019 1565 insperatam
1036 1516 1199 1553 salutem
1216 1515 1417 1553 inmodico

95 1583 374 1622 celebrantium
393 1582 537 1632 gaudio
557 1581 733 1620 litoribus
753 1581 923 1631 rIpisque
943 1583 1161 1619 resonabat.
1211 1582 1316 1619 unde
1338 1588 1418 1618 tan-

96 1656 178 1685 tum
208 1647 370 1686 redisset
404 1646 532 1684 subito
562 1659 679 1692 mare,
712 1658 790 1694 quo
821 1645 944 1694 pridie
977 1644 1189 1694 refugisset,
1222 1657 1416 1693 quaenam

97 1720 196 1751 esset
216 1711 390 1750 eiusdem
412 1710 594 1749 elementi
614 1718 761 1756 natura,
783 1711 904 1748 modo
925 1709 1083 1755 discors,
1106 1710 1227 1747 modo
1253 1708 1417 1758 imperio

97 1784 316 1825 temporum
336 1775 517 1822 obnoxia,
539 1774 761 1812 mirabundi
780 1774 1039 1823 requirebant.
1093 1786 1159 1811 rex
1179 1786 1270 1810 cum
1291 1786 1338 1811 ex
1358 1786 1417 1818 eo,
1440 1793 1453 1809 2

98 1842 206 1890 quod
234 1840 438 1886 acciderat,
460 1839 695 1877 coniectaret
721 1846 809 1888 post
836 1838 927 1876 solis
947 1846 1075 1876 ortum
1096 1845 1239 1876 statum
1261 1845 1414 1886 tempus

98 1917 193 1951 esse,
214 1904 344 1942 media
363 1911 490 1950 nocte,
512 1911 554 1941 ut
574 1911 724 1941 aestum
745 1910 963 1952 occuparet,
986 1915 1075 1939 cum
1097 1901 1231 1951 paucis
1256 1901 1416 1950 navigiis

99 1968 273 2006 secundo
306 1980 420 2005 amne
452 1966 622 2005 defluxit.
681 1974 917 2015 evectusque
951 1979 994 2003 os
1033 1965 1115 2003 eius
1154 1976 1253 2003 cccc
1291 1964 1418 2002 stadia

99 2030 286 2081 processit
318 2030 357 2067 in
391 2043 507 2076 mare,
543 2031 703 2068 tandem
736 2029 817 2067 voti
847 2029 904 2067 sui
933 2042 1119 2078 compos:
1159 2027 1417 2077 praesidibus-

100 2107 175 2144 que
204 2102 243 2132 et
277 2093 392 2131 maris
425 2101 463 2132 et
495 2094 671 2132 locorum
712 2093 772 2131 dis
810 2092 998 2130 sacrificio
1028 2093 1133 2129 facto
1169 2091 1221 2128 ad
1252 2091 1416 2127 classem

101 2157 224 2197 rediit.
