1563 2446
230 95 565 133 JJJSTORJAR
577 94 670 132 cm]
700 93 1070 131 ALEXANDRI
1114 92 1188 137 IX,
1222 92 1254 128 6.
1368 92 1417 140 69

89 183 227 219 offeras
248 194 398 230 corpus,
423 181 566 219 oblitus
587 188 644 219 tot
659 180 801 218 civium
818 179 968 217 animas
985 180 1135 217 trahere
1150 187 1186 216 te
1202 178 1239 215 in
1260 180 1416 215 casum?

86 245 170 293 quis
196 245 300 283 enim
324 245 393 282 tibi
419 252 612 294 superstes
636 252 703 282 aut
733 252 841 293 optat
863 257 946 281 esse
967 251 1032 281 aut
1053 244 1206 292 potest?
1263 255 1309 280 eo
1331 255 1410 291 per=

86 309 261 347 venimus
289 309 504 358 auspicium
531 317 649 358 atque
675 308 881 357 imperium
912 308 1035 345 secuti
1063 316 1184 353 tuum,
1208 307 1313 344 unde
1343 306 1414 342 nisi

1431 263 1445 287 9

89 380 126 410 te
147 373 289 410 reduce
317 373 413 410 nulli
438 374 488 410 ad
514 380 677 422 penates
706 386 797 410 suos
822 372 892 410 iter
918 379 984 409 est.
1044 371 1185 420 quodsi
1212 371 1341 408 adhuc
1368 371 1417 407 de
1442 391 1470 407 ιο

88 437 254 475 Persidis
274 451 395 487 regno
415 451 505 474 cum
528 439 659 476 Dareo
681 437 898 482 dimicares,
913 437 982 474 etsi
1004 450 1121 474 nemo
1134 437 1261 480 vellet,
1279 444 1410 473 tamen

88 514 136 539 ne
163 502 344 540 admirari
369 503 528 551 quidem
555 510 698 551 posset,
721 510 800 540 tam
825 510 1027 551 promptae
1055 514 1138 539 esse
1165 509 1201 538 te
1222 501 1271 537 ad
1293 513 1411 538 omne

88 566 296 604 discrimen
335 566 539 604 audaciae:
588 580 680 604 nam
718 566 784 604 ubi
823 566 930 615 paria
976 574 1065 603 sunt
1111 565 1326 615 periculum
1364 578 1409 602 ac

87 631 313 680 praemium,
336 640 373 669 et
401 631 582 669 secundis
609 632 722 670 rebus
746 631 910 680 amplior
933 632 1077 668 fructus
1104 638 1162 668 est
1183 638 1220 668 et
1239 630 1411 667 adversis

88 696 275 734 solacium
306 697 446 734 maius:
477 705 545 734 tuo
572 709 663 734 vero
684 696 810 745 capite
835 696 1046 745 ignobilem
1067 695 1194 733 vicum
1217 694 1304 741 emi,
1328 695 1411 743 quis

88 762 183 799 serat
203 775 281 799 non
304 769 457 799 tuorum
484 763 605 799 modo
634 761 812 806 militum,
835 762 902 799 sed
931 761 1046 798 ullius
1071 760 1197 810 gentis
1224 760 1409 797 barbarae

89 825 193 871 civis,
216 826 282 875 qui
303 834 408 864 tuam
430 826 739 874 magnitudinem
760 825 891 864 novit?
946 826 1076 863 horret
1095 825 1247 862 animus
1276 824 1417 874 cogita·
1454 846 1467 861 2

93 890 240 928 tionem
262 890 326 937 rei,
349 904 466 939 quam
488 892 605 940 paulo
625 898 716 928 ante
736 890 914 927 vidimus.
975 889 1106 938 eloqui
1126 889 1256 936 timeo,
1280 888 1413 926 invicti

89 954 259 1003 corporis
290 954 414 1003 spolia
442 953 692 991 inertissimas
721 967 857 991 manus
886 953 1003 991 fuisse
1032 953 1248 999 infecturas,
1273 952 1345 989 nisi
1375 960 1412 989 te

91 1018 349 1068 interceptum
369 1018 584 1057 misericors
598 1018 637 1056 in
652 1032 723 1056 nos
736 1020 890 1056 fortuna
903 1026 1099 1056 servasset.
1142 1018 1306 1056 totidem
1327 1030 1412 1066 pro-

90 1084 243 1130 ditores,
267 1085 432 1122 totidem
454 1085 669 1122 desertores
690 1097 832 1130 sumus,
849 1091 943 1132 quot
963 1092 1000 1121 te
1021 1096 1101 1121 non
1118 1083 1314 1132 potuimus
1331 1096 1412 1131 per-

93 1149 211 1197 sequi.
256 1149 455 1186 universos
472 1148 561 1186 licet
574 1148 715 1186 milites
730 1148 943 1197 ignominia
956 1157 1206 1191 notes,nemo
1221 1146 1412 1185 recusabit
1454 1167 1464 1187 Ἰ,

90 1213 193 1250 luere
210 1213 259 1258 id,
276 1213 383 1260 quod
398 1225 445 1249 ne
459 1212 691 1259 admitteret,
706 1221 899 1261 praestare
916 1225 996 1249 non
1016 1211 1150 1261 potuit.
1183 1219 1313 1260 patere
1328 1223 1410 1255 nos,

89 1290 245 1325 quaeso,
260 1276 336 1313 alio
353 1277 472 1314 modo
493 1289 577 1314 esse
592 1276 686 1314 viles
700 1276 778 1314 tibi.
812 1289 1060 1325 quocumque
1074 1275 1239 1321 iusseris,
1256 1275 1407 1313 ibimus.

88 1342 252 1379 obscura
264 1341 433 1390 pericula
445 1350 482 1379 et
498 1341 687 1390 ignobiles
699 1354 847 1390 pugnas
864 1340 976 1378 nobis
993 1339 1259 1389 deposcimus:
1280 1347 1413 1376 temet-

89 1406 213 1456 ipsum
234 1408 284 1444 ad
304 1420 350 1444 ea
373 1420 490 1452 serva,
514 1420 613 1455 quae
639 1406 947 1455 magnitudinem
971 1414 1076 1443 tuam
1104 1404 1273 1454 capiunt.
1331 1403 1409 1441 cito

89 1471 210 1521 gloria
230 1471 438 1509 obsolescit
455 1471 494 1508 in
509 1471 675 1509 sordidis
688 1471 875 1517 hostibus,
898 1484 971 1508 nec
991 1470 1200 1519 quicquam
1216 1469 1411 1518 indignius

89 1545 157 1582 est,
179 1548 297 1584 quam
313 1536 490 1573 consumi
511 1549 608 1581 eam,
626 1536 691 1574 ubi
708 1549 785 1573 non
803 1535 925 1585 possit
938 1534 1115 1573 ostendi.’
1172 1535 1310 1572 eadem
1337 1535 1414 1571 fere

91 1602 340 1639 Ptolomaeus
369 1609 407 1639 et
436 1601 575 1639 similia
602 1601 662 1638 his
685 1601 812 1639 ceteri.
871 1601 1027 1649 iamque
1054 1599 1224 1638 confusis
1250 1598 1411 1636 vocibus

89 1665 224 1703 flentes
258 1679 348 1703 eum
379 1666 551 1711 orabant,
587 1674 629 1703 ut
667 1666 826 1702 tandem
865 1665 1071 1702 exsatiatus
1102 1663 1208 1701 laudi
1246 1664 1409 1700 modum

93 1731 235 1768 faceret
259 1743 304 1767 ac
334 1730 447 1767 saluti
474 1743 576 1776 suae,
600 1730 640 1767 id
666 1738 723 1767 est
748 1729 938 1779 publicae,
960 1736 1143 1778 parceret.
1202 1736 1309 1777 grata
1335 1734 1413 1765 erat

90 1794 168 1843 regi
188 1794 311 1842 pietas
331 1794 556 1832 amicorum.
615 1794 747 1843 itaque
769 1794 940 1843 singulos
969 1792 1190 1830 familiarius
1211 1793 1411 1841 amplexus

90 1859 292 1897 considere
312 1858 428 1896 iubet.
460 1859 651 1907 altiusque
673 1872 851 1896 sermone
874 1858 1050 1907 repetito,
1071 1857 1198 1895 ‘vobis
1220 1857 1379 1905 quidem
1389 1859 1406 1901 ⁷,

90 1922 226 1971 inquit,
276 1926 316 1961 ‘o
353 1923 530 1961 fidissimi
566 1923 807 1972 piissimique
845 1923 987 1960 civium
1024 1930 1142 1971 atque
1183 1921 1408 1966 amicorum,

90 1995 214 2035 grates
252 2000 324 2036 ago
358 1988 564 2036 habeoque
594 2001 674 2025 non
708 1989 833 2025 solum
867 2001 915 2025 eo
948 1986 1118 2033 nomine,
1153 1987 1261 2035 quod
1293 1984 1411 2022 hodie

91 2052 255 2088 salutem
283 2065 411 2089 meam
439 2062 587 2090 vestrae
616 2052 865 2102 praeponitis,
897 2053 967 2090 sed
996 2052 1104 2100 quod
1132 2064 1155 2088 a
1191 2049 1411 2099 primordiis

92 2114 182 2152 belli
212 2115 360 2152 nullum
390 2128 478 2164 erga
506 2129 569 2153 me
598 2116 883 2154 benivolentiae
911 2116 1051 2165 pignus
1080 2122 1198 2164 atque
1221 2113 1410 2151 indicium

92 2178 285 2224 omisistis,
319 2179 419 2216 adeo
449 2187 491 2216 ut
523 2181 792 2217 confitendum
823 2179 872 2217 sit
904 2191 1121 2227 numquam
1160 2177 1254 2214 mihi
1291 2176 1409 2214 vitam

92 2255 219 2281 meam
239 2241 354 2281 fuisse
381 2251 460 2280 tam
481 2255 619 2285 caram,
641 2256 758 2293 quam
785 2257 869 2282 esse
893 2242 1032 2292 coepit,
1056 2251 1097 2280 ut
1121 2242 1230 2280 vobis
1252 2241 1318 2279 diu
1339 2241 1410 2280 frui

1436 716 1461 731 11

1435 1231 1464 1253 14

1437 1553 1465 1576 15

1437 1740 1465 1763 1¹3

1433 1876 1461 1898 ¹7
