1563 2446
269 87 701 126 HISTORJARUM
730 87 1098 125 ALEXANDRI
1127 90 1203 135 IX,
1238 103 1272 136 4.
1391 92 1436 127 61

126 174 327 214 honestior
345 182 425 213 erat
446 183 484 213 et
504 173 712 212 auctoritas
733 173 867 219 maior,
890 175 1029 212 eadem
1058 174 1324 223 precabantur.
1385 175 1448 214 ille
1471 190 1501 214 ιε

126 251 199 276 nec
219 238 404 287 castigare
425 237 643 276 obstinatos
665 251 738 275 nec
759 237 934 287 mitigare
956 245 1107 287 poterat
1129 238 1254 276 iratos.
1315 238 1446 288 itaque

126 302 240 352 inops
274 302 425 340 consilii
461 302 617 340 desiluit
652 315 672 340 e
707 301 889 340 tribunali
923 301 1134 350 claudique
1163 301 1309 351 regiam
1338 302 1447 341 iussit

125 367 308 405 omnibus
345 375 497 416 praeter
533 368 717 405 adsuetos
755 366 861 404 adire
901 366 1115 416 prohibitis,
1174 366 1337 404 biduum
1371 368 1447 405 irae
1473 391 1501 413 '9

125 430 260 467 datum
293 438 369 468 est:
402 429 515 467 tertio
548 430 610 467 die
642 429 831 479 processit
863 429 1033 479 erigique
1061 430 1273 468 duodecim
1294 444 1378 468 aras
1399 444 1445 469 ex

125 495 314 543 quadrato
336 508 441 539 saxo,
464 503 769 532 monumentum
792 494 1052 544 expeditionis
1073 508 1177 540 suae,
1200 496 1446 534 munimenta

124 572 282 608 quoque
295 567 509 597 castrorum
522 559 631 596 iussit
646 559 803 596 extendi
818 559 1041 608 cubiliaque
1062 559 1262 608 amplioris
1283 561 1442 606 formae,

123 636 241 671 quam
276 636 345 673 pro
377 636 585 672 corporum
616 623 764 669 habitu,
797 623 973 672 relinqui,
996 632 1038 661 ut
1071 623 1242 673 speciem
1264 624 1441 663 omnium

122 695 291 736 augeret,
312 687 529 737 posteritati
551 689 667 725 fallax
688 688 918 725 miraculum
939 701 1182 737 praeparans.

204 751 312 789 Hinc.
332 760 520 801 repetens,
544 766 644 801 quae
672 765 854 790 emensus
882 760 972 798 erat,
994 753 1043 789 ad
1066 753 1211 790 flumen
1236 753 1444 792 Acesinem
1467 775 1500 791 ρο

122 817 225 854 locat
258 824 390 854 castra.
453 816 504 853 ibi
529 818 626 854 sorte
654 817 813 855 Coenus
843 818 982 854 morbo
1013 816 1204 855 extinctus
1229 826 1305 855 est:
1334 819 1444 856 cuius

122 888 246 918 morte
271 880 459 930 ingemuit
486 880 646 928 quidem
673 893 750 927 rex,
778 879 920 918 adiecit
946 888 1088 926 tamen,
1114 889 1272 930 propter
1295 895 1443 931 paucos

122 943 204 980 (lies
225 944 381 992 longam
403 943 619 981 orationem
641 956 731 980 eum
752 956 943 989 exorsum,
965 952 1166 992 tamquam
1184 946 1292 993 solus
1315 946 1445 983 Mace-

122 1006 282 1043 doniam
302 1007 453 1045 visurus
479 1015 588 1045 esset.
648 1006 726 1044 iam
750 1007 788 1044 in
816 1021 917 1056 aqua
940 1008 1083 1053 classis,
1106 1022 1224 1057 quam
1250 1009 1445 1047 aedificari
1467 1031 1496 1047 21

122 1071 292 1118 iusserat,
316 1072 450 1109 stabat.
511 1071 610 1110 inter
638 1072 735 1110 haec
764 1073 957 1109 Memnon
979 1086 1025 1110 ex
1046 1073 1213 1110 Thracia
1234 1073 1273 1110 in
1293 1075 1444 1123 supple-

122 1143 297 1172 mentum
324 1136 498 1184 equitum
525 1148 550 1173 v
579 1136 695 1182 milia,
718 1144 869 1185 praeter
896 1150 964 1175 eos
992 1137 1041 1174 ab
1068 1139 1245 1186 Harpalo
1265 1138 1443 1187 pediturn

121 1212 178 1237 vti
208 1200 314 1237 milia
343 1202 556 1239 adduxerat
583 1215 767 1251 armaque
793 1214 876 1239 xxv
902 1203 1058 1241 milibus
1092 1217 1187 1241 auro
1216 1211 1255 1242 et
1283 1213 1443 1254 argento

121 1268 268 1306 caelata
304 1269 522 1317 pertulerat,
564 1266 650 1315 quis
689 1266 901 1305 distributis
940 1276 1069 1306 vetera
1115 1268 1277 1306 cremari
1323 1269 1442 1308 iussit.

121 1331 225 1370 mille
246 1331 405 1381 navigiis
425 1331 599 1369 aditurus
620 1344 812 1369 oceanum
834 1332 1112 1381 discordesque
1133 1340 1171 1370 et
1199 1340 1329 1371 vetera
1356 1334 1445 1371 odia
1466 1355 1498 1370 22

121 1405 369 1435 retractantes
404 1399 547 1434 Porum
582 1401 622 1434 et
653 1396 829 1443 Taxilen,
861 1397 999 1435 Indiae
1028 1411 1148 1447 reges,
1176 1399 1350 1436 firmatae
1376 1412 1445 1448 per

121 1462 361 1500 adfinitatem
387 1462 531 1511 gratiae
555 1462 735 1511 relinquit
760 1462 798 1499 in
819 1461 897 1499 suis
918 1462 1056 1511 regnis,
1080 1476 1234 1501 summo
1254 1463 1295 1500 in
1315 1463 1444 1501 aedifi-

120 1528 245 1565 canda
273 1528 395 1564 classe
427 1527 631 1564 amborum
663 1526 791 1564 studio
825 1540 927 1565 usus.
998 1527 1143 1575 oppida
1173 1541 1332 1577 quoque
1365 1529 1445 1566 duo
1466 1549 1497 1572 23

120 1591 308 1636 condidit,
326 1604 492 1640 quorum
509 1592 671 1628 alterum
694 1590 882 1628 Nicaeam
903 1591 1120 1640 appellavit,
1137 1593 1300 1630 alterum
1322 1594 1443 1631 Buce-

120 1656 246 1704 phala,
269 1655 369 1704 equi,
396 1668 513 1703 quem
543 1654 732 1702 amiserat,
759 1655 971 1693 memoriae
1000 1669 1046 1693 ac
1075 1655 1225 1693 nomini
1255 1656 1443 1694 dedicans

122 1720 267 1757 urbem.
330 1719 545 1768 elephantis
566 1719 709 1757 deinde
730 1728 767 1757 et
787 1719 1065 1768 inpedimentis
1084 1728 1183 1758 terra
1202 1721 1312 1770 sequi
1332 1721 1444 1759 iussis
1467 1742 1496 1765 24

120 1784 294 1822 secundo
324 1796 440 1821 amne
473 1784 645 1829 defluxit,
682 1784 938 1833 quadraginta
970 1786 1091 1822 ferme
1129 1785 1254 1822 stadia
1283 1785 1443 1834 singulis

120 1848 256 1886 diebus
276 1848 503 1897 procedens,
527 1856 568 1885 ut
590 1848 819 1898 opportunis
840 1848 935 1886 locis
956 1848 1098 1898 exponi
1118 1848 1286 1887 subinde
1306 1850 1443 1899 copiae

120 1920 287 1961 possent.

201 1979 435 2014 Perventum
466 1985 544 2015 erat
572 1977 611 2014 in
642 1977 851 2027 regionem,
889 1977 927 2015 in
960 1991 1038 2027 qua
1073 1979 1286 2027 Hydaspes
1315 1978 1440 2016 amnis
1464 1978 1491 2022 4

121 2040 279 2078 Acesini
308 2041 571 2078 committitur.
645 2042 737 2078 hinc
764 2042 932 2079 decurrit
959 2042 998 2079 in
1028 2043 1125 2080 fines
1152 2042 1344 2080 Siborum.
1402 2043 1440 2080 hi
1463 2065 1476 2080 2

121 2106 170 2143 de
204 2104 372 2142 exercitu
404 2105 586 2142 Herculis
611 2105 775 2143 maiores
806 2119 896 2143 suos
925 2119 1008 2144 esse
1035 2114 1277 2146 memorant:
1306 2120 1442 2155 aegros

121 2168 274 2207 relictos
305 2181 399 2215 esse,
431 2168 578 2217 cepisse
603 2170 749 2214 sedem,
782 2183 901 2218 quam
928 2170 1000 2218 ipsi
1024 2170 1263 2209 obtinebant.
1322 2171 1442 2219 pelles

121 2235 286 2272 serarum
312 2245 382 2282 pro
404 2240 521 2280 veste,
545 2234 676 2271 clavae
706 2234 782 2272 tela
808 2241 938 2273 erant:
969 2235 1179 2284 multaque,
1208 2233 1325 2273 etiam
1351 2247 1441 2272 cum
