1563 2446
209 97 647 136 JJJSTORIARUM
675 97 1044 135 ALEXANDRJ
1085 98 1200 142 Vlss,
1246 110 1302 134 11.
1375 109 1427 146 39

102 194 237 220 cruore
257 181 401 218 siccato
422 180 630 229 frigescens
651 181 790 217 vulnus
815 180 1042 228 adgravaret
1069 180 1258 225 dolorem,
1283 179 1426 218 dixisse

103 247 218 284 fertur
250 259 290 284 se
321 246 481 294 quidem
515 244 620 282 Iovis
652 244 773 281 filium
805 244 894 289 dici,
918 245 988 282 sed
1019 243 1191 293 corporis
1210 243 1313 293 aegri
1333 243 1426 282 vitia

103 311 253 348 sentire.
313 323 392 347 non
425 318 555 348 tamen
585 317 674 346 ante
695 322 735 347 se
756 309 901 358 recepit
927 308 967 346 in
987 316 1122 355 castra,
1145 322 1262 358 quam
1283 316 1425 346 cuncta
1447 330 1479 353 30

102 375 307 424 perspexit,
328 383 376 421 et,
399 387 500 423 quae
520 374 602 412 fieri
618 375 742 420 vellet,
766 373 898 411 edixit.
941 386 1044 422 ergo,
1068 373 1167 411 sicut
1186 372 1420 422 imperatum

101 449 192 485 crat,
221 439 283 476 alii
317 446 425 476 extra
455 439 591 475 urbem
623 445 726 475 tecta
752 438 1013 476 moliebantur
1039 437 1317 486 ingentemque
1344 437 1423 474 vim

102 504 283 542 materiae
298 503 478 541 faciendo
491 502 618 552 aggeri
633 503 905 549 detrahebant,
920 502 983 539 alii
999 515 1226 551 magnarum
1239 503 1422 539 arborum

100 569 249 618 stipites
269 581 359 606 cum
380 567 495 605 ramis
516 580 560 604 ac
581 568 704 604 moles
721 580 901 604 saxorum
923 566 961 603 in
983 579 1166 604 cavernas
1187 566 1420 604 deiciebant.

100 633 254 682 iamque
274 646 390 682 agger
418 639 650 681 aequaverat
680 644 855 669 summae
886 631 1083 680 fastigium
1113 638 1261 669 terrae:
1290 630 1422 680 itaque
1443 651 1472 674 31

99 705 220 735 turres
251 697 460 746 erigebant,
493 710 593 745 quae
625 709 744 745 opera
774 695 922 744 ingenti
957 695 1123 733 militum
1157 696 1293 733 ardore
1322 694 1422 732 intra

100 775 247 799 nonum
279 763 385 800 diem
416 763 597 800 absoluta
628 768 729 799 sunt.
787 762 838 799 ad
869 773 915 799 ea
948 760 1112 798 visenda
1144 774 1210 798 rex
1243 761 1420 799 nondum

99 827 270 865 obducta
306 826 456 864 vulneri
500 826 680 863 cicatrice
719 825 907 875 processit
947 825 1194 874 laudatisque
1233 825 1420 864 militibus

98 891 297 929 admoveri
329 891 529 928 machinas
560 890 680 937 iussit,
704 904 724 928 e
756 890 898 939 quibus
928 890 1065 940 ingens
1095 890 1152 928 vis
1182 892 1348 929 telorum
1379 890 1420 928 in

98 963 406 1004 propugnatores
427 956 549 992 effusa
575 963 643 993 est.
702 955 912 1004 praecipue
942 956 1058 993 rudes
1089 955 1225 993 talium
1257 969 1419 1005 operum
1441 977 1472 1000 32

99 1020 291 1057 terrebant
323 1019 488 1056 mobiles
520 1027 653 1065 turres,
683 1027 889 1068 tantasque
919 1020 1043 1057 moles
1074 1020 1179 1056 nulla
1210 1033 1297 1069 ope,
1318 1033 1418 1069 quae

97 1091 328 1129 cerneretur,
367 1084 520 1121 adiutas
558 1084 721 1121 deorum
761 1084 920 1121 numine
958 1083 1019 1133 agi
1058 1085 1292 1122 credebant:
1338 1085 1418 1134 pila

98 1161 255 1197 quoque
292 1148 454 1185 muralia
488 1156 526 1186 et
560 1161 742 1186 excussas
781 1149 984 1187 tormentis
1021 1162 1249 1199 praegraves
1286 1150 1417 1188 hastas

98 1213 292 1261 negabant
312 1212 520 1250 convenire
537 1213 776 1250 mortalibus.
810 1213 942 1262 itaque
958 1215 1163 1263 desperata
1177 1214 1282 1252 urbis
1299 1215 1419 1252 tutela
1438 1235 1469 1259 33

96 1289 324 1314 concessere
346 1276 384 1313 in
404 1289 543 1314 arcem.
594 1277 698 1322 inde,
722 1277 813 1326 quia
834 1278 928 1315 nihil
949 1277 1119 1316 obsessis
1140 1286 1290 1327 praeter
1310 1279 1417 1317 dedi-

96 1342 244 1380 tionem
273 1342 441 1391 patebat,
461 1341 578 1391 legati
606 1343 655 1379 ad
686 1355 816 1391 regem
843 1343 1130 1381 descenderunt
1149 1343 1303 1381 veniam
1323 1343 1416 1393 peti·

96 1405 180 1444 turi.
253 1419 330 1454 qua
367 1405 559 1454 inpetrata
597 1405 731 1454 regina
767 1406 874 1444 venit
912 1420 1003 1443 cum
1041 1419 1185 1456 magno
1225 1407 1417 1444 nobilium
1438 1428 1469 1451 34

96 1470 325 1508 feminarum
345 1482 460 1519 grege
481 1470 608 1508 aureis
627 1470 770 1519 pateris
790 1470 881 1507 vina
899 1470 1117 1509 libantium.
1149 1470 1234 1520 ipsa
1253 1471 1417 1520 genibus
1438 1492 1468 1516 35

96 1535 194 1585 regis
214 1547 334 1585 parvo
354 1534 434 1572 filio
454 1535 617 1572 admoto
644 1547 725 1572 non
751 1535 905 1572 veniam
933 1536 1066 1581 modo,
1089 1535 1158 1572 sed
1186 1535 1304 1572 etiam
1324 1535 1417 1585 pris-

95 1596 200 1634 tinae
231 1599 407 1637 fortunae
437 1599 644 1649 inpetravit
675 1601 806 1638 decus.
867 1600 1013 1650 quippe
1051 1601 1248 1649 appellata
1281 1600 1416 1650 regina

95 1669 171 1701 est:
211 1670 249 1701 et
282 1663 485 1701 credidere
519 1664 680 1713 quidam
714 1666 803 1714 plus
837 1666 984 1703 formae
1019 1678 1136 1714 quam
1176 1664 1415 1703 miserationi

95 1729 241 1766 datum.
300 1741 421 1777 puero
442 1742 599 1778 quoque
620 1736 724 1768 certe
744 1736 883 1779 postea
909 1743 958 1768 ex
983 1743 1029 1768 ea
1048 1737 1264 1779 utcumque
1282 1730 1416 1780 genito
1437 1745 1469 1775 36

94 1793 319 1831 Alexandro
339 1793 411 1831 suit
430 1806 589 1831 nomen.

176 1857 284 1894 Hinc
305 1858 548 1907 Polypercon
568 1859 619 1895 ad
638 1859 774 1896 urbem
796 1861 945 1897 Noram
971 1873 1061 1898 cum
1082 1859 1250 1898 exercitu
1270 1859 1411 1898 missus
1434 1860 1485 1905 11

95 1921 317 1959 inconditos
341 1922 561 1971 oppidanos
591 1923 739 1971 proelio
768 1924 880 1962 vicit:
922 1924 1022 1962 intra
1051 1924 1293 1962 munimenta
1322 1937 1415 1962 con-

95 1986 228 2034 pulsos
248 1994 403 2024 secutus
423 1988 559 2025 urbem
580 1987 619 2024 in
641 1987 839 2026 dicionem
865 1989 1025 2038 redegit.
1083 1990 1206 2026 multa
1225 1988 1412 2038 ignobilia
1431 2011 1445 2027 2

95 2047 242 2095 oppida
260 2049 414 2086 deserta
434 2062 457 2086 a
483 2048 561 2086 suis
586 2062 728 2087 venere
751 2050 791 2088 in
817 2051 915 2100 regis
945 2058 1189 2100 potestatem.
1248 2063 1416 2100 quorum

95 2111 245 2148 incolae
264 2113 400 2150 armati
419 2121 566 2162 petram
590 2115 753 2153 Aornim
775 2115 935 2153 nomine
955 2121 1255 2163 occupaverunt.
1314 2115 1416 2152 hanc

94 2175 145 2212 ab
173 2175 345 2213 Hercule
368 2177 506 2214 frustra
529 2180 730 2216 obsessam
758 2192 842 2216 esse
871 2186 1073 2227 terraeque
1097 2185 1207 2215 motu
1234 2185 1415 2215 coactum

95 2237 278 2276 absistere
297 2239 400 2277 fama
417 2242 649 2290 vulgaverat.
680 2241 839 2290 inopem
859 2240 1012 2279 consilii
1030 2240 1308 2286 Alexandrum,
1323 2239 1414 2289 quia
1432 2260 1449 2286 3
1470 2263 1472 2265 >
