1563 2446
189 76 628 116 HISTORMRLUI
657 75 1030 114 ALEXAIVDRI
1070 76 1186 121 Vlll,
1227 89 1284 123 14.
1355 89 1405 125 49

84 164 222 203 obvius
249 163 351 202 hosti
380 163 434 201 ire
458 162 581 212 pergit
608 162 916 212 elephantosque
951 168 1042 200 ante
1075 174 1217 210 agmen
1249 174 1407 199 suorum

83 229 143 279 agi
173 229 290 266 iubet.
340 241 528 277 magnum
558 228 697 266 beluae
725 226 893 264 iniecere
923 235 1120 271 terrorem,
1154 225 1410 274 insolitusque
1432 248 1462 269 ,η

83 293 223 331 stridor
250 305 330 330 non
360 305 482 341 equos
520 291 652 337 modo,
684 298 764 328 tam
794 290 980 339 pavidum
1010 290 1061 327 ad
1090 288 1224 327 omnia
1251 289 1406 334 animal,

83 359 153 396 sed
172 358 272 396 viros
293 370 451 407 quoque
473 356 708 404 ordinesque
729 355 960 393 turbaverat.
1020 354 1096 391 iam
1117 354 1231 403 fugae
1251 353 1411 391 circum-
1432 376 1454 390 2,

78 422 300 472 spiciebant
346 423 477 459 locum
526 421 641 470 paulo
688 427 779 458 ante
825 419 1002 465 victores,
1051 431 1142 455 cum
1188 419 1411 456 Alexander

82 485 273 535 Agrianos
294 492 331 523 et
346 486 518 522 Thracas
540 483 673 522 leviter
692 490 872 528 armatos,
890 482 1091 520 meliorem
1112 481 1410 520 concursatione

82 562 201 599 quam
222 549 441 587 comminus
458 548 631 593 militem,
647 547 774 584 emisit
795 546 833 584 in
856 547 1000 584 beluas.
1061 545 1258 595 ingentem
1276 545 1314 582 hi
1334 545 1410 582 vim
1434 568 1445 581 2

82 614 248 652 telorum
277 612 445 650 iniecere
474 619 512 650 et
541 611 757 660 elephantis
788 619 825 649 et
854 610 1076 660 regentibus
1106 623 1183 648 eos.
1242 610 1411 659 phalanx

83 690 240 726 quoque
287 677 430 714 instare
477 683 702 714 constanter
748 674 887 712 territis
926 674 1066 723 coepit.
1144 674 1212 711 sed
1251 674 1410 722 quidam
1434 696 1446 710 ν..

82 741 232 780 avidius
278 740 471 790 persecuti
508 740 643 778 beluas
681 740 720 777 in
768 747 890 777 semet
928 738 1132 776 inritavere
1171 738 1406 776 vulneribus,

83 805 214 844 obtriti
234 818 325 855 ergo
345 805 513 854 pedibus
536 817 667 842 earum
689 803 836 849 ceteris,
853 811 894 841 ut
915 803 1068 852 parcius
1089 803 1286 848 instarent,
1304 802 1410 840 fuere

83 869 377 907 documentum.
436 867 643 918 praecipue
657 867 834 905 terribilis
852 868 916 904 illa
936 866 1053 904 facies
1074 874 1164 913 erat,
1181 879 1269 903 cum
1291 879 1408 904 manu
1432 888 1463 903 2-

83 946 191 971 arma
214 933 396 982 virosque
423 932 659 981 corriperent
686 939 724 970 et
751 945 867 981 super
890 944 930 969 se
957 931 1180 980 regentibus
1200 931 1405 968 traderent.

83 1010 228 1046 anceps
258 1010 348 1046 ergo
375 1010 507 1046 pugna
531 1010 636 1034 nunc
663 995 922 1045 sequentium,
953 1008 1058 1032 nunc
1084 994 1315 1043 fugientium
1339 996 1412 1032 ele-

84 1062 252 1110 phantos
281 1060 321 1098 in
350 1062 518 1098 multum
549 1060 627 1098 diei
660 1060 809 1097 varium
841 1067 1038 1097 certamen
1073 1059 1251 1098 extraxit:
1283 1060 1410 1097 donec

83 1124 378 1163 securibus—id
398 1137 569 1174 namque
588 1137 711 1174 genus
725 1123 853 1161 auxilii
867 1131 1137 1173 praeparatum
1151 1124 1410 1172 erat—pedes

83 1196 285 1239 amputare
314 1196 540 1238 coeperunt.
599 1188 759 1237 copidas
788 1189 984 1225 vocabant
1007 1187 1158 1237 gladios
1181 1187 1315 1225 leviter
1335 1200 1413 1224 cur-

84 1261 204 1301 vatos,
225 1253 388 1291 falcibus
409 1252 564 1299 similes,
583 1252 668 1301 quis
682 1253 921 1301 adpetebant
940 1252 1143 1289 beluarum
1157 1264 1306 1289 manus.
1339 1265 1412 1289 nec

83 1317 294 1367 quicquam
322 1317 566 1366 inexpertum
596 1329 676 1354 non
705 1315 840 1353 mortis
864 1316 995 1363 modo,
1025 1316 1095 1353 sed
1119 1315 1236 1353 etiam
1262 1315 1302 1352 in
1328 1315 1412 1365 ipsa

84 1389 208 1419 morte
237 1380 329 1419 novi
358 1380 538 1430 supplicii
567 1380 683 1418 timor
712 1379 928 1419 omittebat.
987 1392 1078 1428 ergo
1109 1379 1305 1428 elephanti
1335 1380 1412 1416 vul·
1438 1400 1446 1408 π

86 1445 240 1484 neribus
261 1445 421 1483 tandem
436 1444 583 1494 fatigati
604 1457 694 1482 suos
710 1444 859 1493 impetu
880 1452 1068 1489 sternunt,
1087 1450 1135 1490 et,
1154 1443 1221 1492 qui
1237 1451 1412 1481 rexerant

85 1522 163 1556 eos,
199 1508 444 1558 praecipitati
475 1508 516 1545 in
547 1516 688 1548 terram
719 1509 769 1546 ab
803 1507 896 1557 ipsis
934 1508 1221 1545 obterebantur.
1280 1507 1412 1556 itaque

85 1586 270 1622 pecorum
291 1573 412 1610 modo
433 1572 555 1621 magis
575 1571 706 1621 pavidi
730 1585 849 1621 quam
870 1571 998 1610 infesti
1025 1573 1124 1609 ultra
1143 1571 1268 1610 aciem
1288 1572 1412 1621 exige-

87 1638 236 1684 bantur,
268 1650 358 1674 cum
389 1638 524 1682 Porus,
556 1636 762 1674 destitutus
792 1649 815 1673 a
842 1636 1029 1685 pluribus,
1060 1637 1137 1674 tela
1167 1636 1292 1674 multo
1323 1644 1414 1673 ante
1436 1657 1448 1679 3

85 1708 312 1750 praeparata
335 1700 374 1737 in
397 1700 653 1738 circumfusos
677 1713 725 1738 ex
748 1701 958 1749 elephanto
988 1713 1059 1737 suo
1086 1700 1214 1749 coepit
1240 1700 1412 1749 ingerere

86 1764 294 1813 multisque
315 1763 466 1802 eminus
494 1763 704 1802 vulneratis
725 1764 922 1813 expositus
949 1763 1030 1813 ipse
1051 1765 1102 1802 acl
1122 1764 1219 1802 ictus
1240 1763 1412 1813 undique

86 1829 298 1878 petebatur.
357 1841 501 1866 novem
520 1827 597 1865 iam
618 1828 778 1866 vulnera
798 1827 888 1865 hinc
909 1836 1028 1877 tergo,
1050 1828 1156 1865 illinc
1176 1836 1334 1877 pectore
1355 1842 1415 1867 ex·
1453 1850 1465 1865 Ζ

85 1900 242 1942 ceperat
260 1893 463 1941 multoque
484 1892 669 1941 sanguine
690 1893 850 1941 profuso
876 1891 1068 1941 languidis
1089 1892 1269 1930 manibus
1290 1892 1411 1941 magis

1433 1009 1463 1032 23

1435 1209 1464 1232 ²)

86 1957 219 2006 elapsa
246 1969 365 2005 quarn
394 1969 556 1994 excussa
580 1956 658 1993 tela
685 1955 874 1993 mittebat.
933 1968 1006 1993 nec
1035 1955 1191 2005 segnius
1220 1956 1337 1994 belua
1361 1956 1415 1994 in-
1435 1976 1465 1999 33

87 2021 227 2070 stincta
253 2021 370 2067 rabie,
391 2021 569 2058 nondum
599 2020 738 2066 saucia,
767 2020 1023 2058 invehebatur
1050 2018 1263 2066 ordinibus,
1285 2020 1413 2057 donec

87 2092 213 2123 rector
230 2084 369 2122 beluae
384 2097 514 2133 regem
534 2084 735 2133 conspexit
755 2083 964 2124 fluentibus
979 2083 1163 2121 membris
1183 2082 1412 2131 omissisque

88 2147 203 2186 armis
228 2147 294 2185 vix
315 2155 542 2196 compotem
566 2147 717 2185 mentis.
775 2149 810 2185 T
813 2161 880 2185 um
907 2148 1064 2185 beluam
1093 2147 1133 2184 in
1162 2148 1293 2196 fugam
1323 2159 1414 2184 con-
1435 2167 1447 2173 ἢ

89 2211 181 2250 citat
208 2218 397 2262 sequente
427 2211 670 2251 Alexandro:
701 2211 770 2249 sed
791 2223 913 2261 equus
935 2210 1016 2249 eius
1037 2210 1168 2249 multis
1188 2209 1412 2248 vulneribus·

196 2286 229 2313 c„
1299 2286 1324 2321 4
