1563 2446
122 141 174 178 60
556 139 601 189 Q.
643 140 833 178 CURTJ
861 139 1015 178 RUFI

119 225 324 277 imperium
355 233 473 276 atque
503 224 719 276 auspicium
750 233 857 264 tuum
887 224 1203 265 constantissime
1229 225 1371 266 secutis
1391 233 1442 274 et,

86 311 102 335 7
120 303 371 340 quocumque
391 290 528 340 pergis,
551 290 749 328 secuturis.
781 289 917 336 vicisti,
939 303 1014 337 rex,
1033 289 1301 339 magnitudine
1316 303 1442 329 rerum

120 367 200 393 non
229 355 362 393 hostes
391 355 522 399 modo,
547 354 615 392 sed
646 353 763 392 etiam
793 354 946 392 milites.
1007 353 1199 403 quidquid
1229 354 1443 392 mortalitas

119 432 260 469 capere
279 426 442 468 poterat,
465 417 708 467 inplcvimus.
759 418 927 456 emensis
948 418 1068 455 maria
1088 426 1284 467 terrasque
1304 418 1443 456 melius

20 475 61 504 ’ἃ
87 495 102 520 ε
122 483 235 522 nobis
251 496 368 532 quam
385 482 523 520 incolis
540 481 673 520 omnia
693 488 787 519 nota
808 490 907 519 sunt.
941 495 1065 531 paene
1087 482 1124 519 in
1146 482 1284 520 ultimo
1304 482 1442 520 mundi

120 548 197 585 fine
217 546 475 585 consistimus.
509 546 546 583 in
569 545 687 583 alium
709 546 845 584 orbem
866 559 978 595 paras
995 545 1047 584 ire
1065 554 1101 584 et
1120 545 1273 583 Indiam
1291 545 1442 595 quaeris

121 611 231 650 Indis
259 624 417 661 quoque
447 610 644 659 ignotam:
675 609 775 648 inter
807 611 906 648 feras
941 618 1220 659 serpentesque
1254 611 1442 660 degentes

120 689 255 715 eruere
284 689 330 714 ex
359 675 515 713 latebris
545 683 582 712 et
612 674 806 712 cubilibus
836 674 915 712 suis
937 674 1096 723 expetis,
1119 682 1160 712 ut
1181 675 1302 723 plura,
1323 687 1440 723 quam

85 762 102 786 9
122 741 178 779 sol
207 740 324 787 videt,
360 739 520 777 victoria
551 740 698 776 lustres.
759 738 875 788 (ligna
906 751 1062 787 prorsus
1093 737 1279 787 cogitatio
1309 738 1441 776 animo

121 814 198 851 tuo,
222 804 290 842 sed
311 803 423 841 altior
443 811 586 841 nostro.
619 802 738 840 virtus
760 802 864 840 enim
887 810 954 840 tua
969 815 1122 851 semper
1141 803 1180 838 in
1202 801 1441 840 incremento

68 889 98 906 ιο
118 868 199 914 erit,
221 875 352 906 nostra
368 867 425 905 vis
442 867 517 904 iam
534 866 572 904 in
594 867 671 904 fine
692 873 761 904 est.
802 865 953 903 intuere
974 878 1140 914 corpora
1161 865 1362 914 exanguia,
1384 873 1442 904 tot

119 933 291 982 perfossa
310 931 544 977 vulneribus,
567 938 624 969 tot
645 929 891 968 cicatricibus
912 929 1049 979 putria.
1090 929 1166 966 iam
1189 931 1267 967 tela
1286 929 1443 968 hebetia

119 1004 227 1036 sunt:
257 996 334 1034 iam
355 1009 461 1033 arma
481 995 679 1033 deficiunt.
729 1002 879 1032 vestem
902 994 1098 1032 Persicam
1119 993 1328 1040 induimus,
1351 993 1443 1043 quia

119 1060 336 1099 domestica
356 1059 520 1099 subvehi
540 1072 619 1097 non
642 1066 781 1108 potest.
832 1058 872 1096 in
894 1066 1098 1097 externum
1119 1057 1442 1107 degeneravimus

66 1146 95 1163 ιι
117 1126 273 1162 cultum.
334 1131 456 1174 quoto
477 1123 617 1172 cuique
637 1123 757 1161 lorica
777 1124 859 1161 est?
888 1122 975 1172 quis
996 1135 1141 1172 equum
1173 1123 1320 1160 habet?
1350 1121 1441 1162 iube

118 1188 263 1238 quaeri,
279 1201 396 1238 quam
411 1189 556 1225 multos
570 1187 668 1225 servi
682 1187 858 1236 ipsorum
875 1186 1071 1236 persecuti
1085 1186 1173 1233 sint,
1191 1186 1289 1236 quid
1301 1185 1441 1236 cuique

119 1252 284 1302 supersit
306 1266 351 1290 ex
371 1252 527 1301 praeda.
559 1251 736 1290 omnium
756 1251 923 1289 victores
939 1250 1115 1289 omnium
1138 1250 1275 1300 inopes
1295 1263 1437 1289 sumus.

118 1313 363 1355 nec'luxuria
383 1316 616 1361 laboramus,
635 1315 704 1354 sed
725 1316 830 1354 bello
851 1314 1111 1353 instrumenta
1126 1315 1218 1354 belli
1234 1328 1441 1365 consump-

66 1401 96 1418 ιε
116 1380 246 1418 simus.
306 1381 413 1417 hunc
447 1387 488 1417 tu
520 1379 828 1429 pulcherrimum
863 1380 1076 1417 exercitum
1109 1380 1258 1417 nudum
1292 1379 1439 1417 obicies

118 1443 264 1482 beluis?
321 1457 485 1493 quarum
506 1452 548 1481 ut
568 1443 860 1482 multitudinem
890 1451 1060 1493 augeant
1081 1444 1130 1481 de
1150 1442 1338 1481 industria
1358 1443 1440 1481 bar-

116 1507 210 1553 bari,
245 1520 431 1557 magnum
462 1515 595 1545 tamen
629 1520 714 1546 esse
748 1520 954 1546 numerum
989 1507 1107 1545 etiam
1140 1520 1189 1544 ex
1229 1507 1439 1546 mendacio

64 1593 94 1616 13
116 1571 311 1620 intellego.
374 1571 517 1620 quodsi
545 1572 677 1609 adhuc
705 1580 911 1620 penetrare
940 1571 979 1608 in
1010 1571 1166 1609 Indiam
1198 1578 1347 1608 certum
1369 1580 1437 1618 est,

117 1635 223 1685 regio
245 1648 268 1672 a
287 1635 450 1673 meridie
471 1635 600 1673 minus
620 1643 730 1673 vasta
751 1643 826 1674 est:
859 1648 937 1684 qua
968 1636 1129 1673 subacta
1155 1633 1286 1672 licebit
1307 1635 1440 1672 decur-

116 1713 198 1737 rere
217 1698 258 1736 in
277 1698 374 1737 illud
394 1712 511 1745 mare,
529 1699 639 1748 quod
658 1699 774 1737 rebus
790 1698 971 1736 humanis
987 1698 1196 1736 terminum
1211 1697 1333 1736 voluit
1354 1711 1437 1738 esse

64 1786 93 1807 14
114 1772 262 1801 natura.
321 1776 390 1801 cur
421 1763 582 1801 circuitu
613 1763 713 1813 petis
743 1763 917 1813 gloriam,
940 1775 1040 1812 quae
1061 1762 1111 1800 ad
1131 1774 1290 1799 manum
1310 1762 1439 1810 posita

117 1829 203 1865 est?
261 1825 325 1864 hic
347 1839 506 1875 quoque
528 1826 696 1864 occurrit
718 1839 900 1864 oceanus.
958 1825 1032 1862 nisi
1056 1824 1179 1862 mavis
1200 1837 1334 1871 errare,
1357 1839 1439 1875 per-

65 1912 93 1934 15
114 1890 302 1937 venimus,
325 1903 403 1940 quo
425 1898 490 1928 tua
509 1891 663 1928 fortuna
683 1889 802 1928 ducit.
861 1890 957 1927 haec
987 1897 1129 1935 tecum,
1151 1903 1269 1939 quam
1296 1891 1379 1930 sine
1399 1901 1438 1931 te

116 1968 206 1992 cum
226 1954 297 2001 his,
320 1954 427 2003 loqui
448 1953 579 2000 malui,
601 1967 680 1992 non
702 1953 756 1991 uti
777 1953 915 1992 inirem
941 1952 1225 1992 circumstantis
1246 1956 1437 1995 exercitus

115 2018 290 2070 gratiam,
322 2019 393 2057 sed
426 2025 469 2057 ut
496 2031 635 2056 vocem
665 2017 909 2067 loquentium
939 2017 1069 2066 potius
1101 2031 1218 2067 quam
1247 2020 1436 2069 gemitum

63 2099 94 2122 ιτ)
115 2083 441 2122 murmurantium
474 2083 654 2121 audires.'
713 2090 756 2119 ut
787 2082 907 2119 finem
940 2081 1105 2119 orationi
1139 2084 1298 2122 Coenus
1328 2084 1437 2134 inpo-

115 2149 203 2195 suit,
233 2149 380 2186 clamor
409 2147 584 2196 undique
618 2159 708 2184 cum
741 2146 894 2195 ploratu
928 2145 1058 2192 oritur,
1093 2158 1236 2195 regem,
1271 2156 1434 2197 patrem,

62 2233 92 2257 η
114 2211 319 2250 dominum
347 2210 519 2249 confusis
548 2209 830 2260 appellantium
861 2208 1035 2247 vocibus.
1107 2208 1262 2258 iamque
1295 2219 1334 2249 et
1370 2212 1434 2250 alii

115 2276 235 2317 duces
261 2274 548 2326 praecipueque
576 2274 763 2322 seniores,
788 2273 874 2324 quis
902 2273 953 2312 ob
981 2281 1149 2311 aetatem
1174 2281 1212 2312 et
1237 2274 1435 2315 excusatio
