1563 2446
63 196 72 212 x
78 190 91 211 ὃ,

65 454 72 469 ¹
88 457 93 472 Ι

118 99 165 135 70
549 86 592 135 Q.
630 85 818 125 CURTJ
847 83 1003 122 RUFI

113 173 268 224 possim.
300 181 471 212 ceterum
490 185 567 210 non
590 173 727 210 eadem
749 179 807 210 cst
827 169 1011 220 cogitatio
1031 183 1178 216 60111111,
1196 168 1262 219 qui
1282 182 1351 219 pro
1371 181 1434 207 me

115 239 211 277 mori
227 246 374 288 optant,
387 245 425 276 et
445 250 540 281 mea,
563 235 804 285 quiquidem
825 236 925 272 hanc
946 233 1249 272 benivolentiam
1269 240 1435 271 vestram

115 303 253 342 virtute
280 303 465 341 meruisse
490 315 552 339 me
578 301 719 338 iudico.
778 313 847 337 vos
871 299 975 337 enim
1011 298 1237 336 diuturnum
1268 299 1434 335 fructum

113 383 162 408 cx
182 382 256 416 me,
279 368 438 407 forsitan
460 367 576 405 etiam
598 372 828 415 perpetuum
850 363 1048 412 percipere
1068 362 1249 411 cupiatis:
1279 374 1352 410 ego
1373 374 1435 400 mc

114 433 252 471 metior
271 445 351 470 non
371 431 506 470 aetatis
527 429 664 479 spatio,
687 429 756 467 sed
776 428 929 478 gloriae.
980 427 1087 464 licuit
1107 425 1276 476 paternis
1297 425 1436 474 opibus

115 504 302 536 contento
329 497 428 534 intra
459 494 720 533 Macedoniae
750 492 936 531 terminos
956 505 1024 541 per
1044 491 1165 529 otium
1187 490 1358 539 corporis
1378 503 1437 528 ex-

116 570 271 611 pectare
300 562 505 600 obscuram
533 567 571 598 et
600 557 812 608 ignobilem
833 565 1096 596 senectutem:
1127 568 1366 604 quamquam
1388 567 1436 593 ne

117 627 212 676 pigri
232 626 391 676 quidem
412 624 485 662 sibi
505 625 584 662 fata
603 623 828 672 disponunt,
850 622 920 660 sed
947 620 1105 658 unicum
1126 621 1273 658 bonum
1295 619 1438 657 diutur-

118 704 207 729 nam
227 691 346 728 vitam
368 689 634 727 existimantes
655 700 770 736 saepe
795 686 935 724 acerba
955 698 1058 723 mors
1082 692 1247 734 occupat
1266 698 1273 721 :
1303 696 1435 722 verum

117 769 200 806 ego,
222 755 288 804 qui
318 768 397 792 non
427 766 551 791 annos
580 765 700 797 mCOS,
721 752 791 790 sed
816 750 996 789 victorias
1022 763 1197 795 numero,
1219 749 1249 787 si
1279 762 1438 787 munera

79 842 94 857 0
116 822 290 858 fortunae
319 819 420 857 bene
449 825 635 867 conputo,
668 816 734 854 diu
765 816 851 871 vixi.
910 828 1019 853 orsus
1051 828 1074 852 a
1105 813 1343 852 Macedonia
1372 813 1439 851 im-

118 884 265 933 perium
286 883 473 922 Graeciae
487 891 615 929 teneo,
636 882 845 919 Thraciam
866 889 904 920 ct
925 880 1076 930 Illyrios
1097 880 1242 929 subegi,
1258 880 1439 919 Triballis

119 948 354 997 Maedisque
388 947 579 996 imperito,
615 947 761 992 Asiam,
794 959 872 996 qua
905 947 1177 996 Hellesponto,
1210 960 1286 996 qua
1324 947 1439 986 rubro

118 1012 213 1050 mari
239 1012 440 1057 subluitur,
468 1011 662 1062 possideo,
721 1011 876 1060 iamque
900 1012 1006 1049 baud
1036 1012 1169 1060 procul
1198 1012 1335 1049 absum
1364 1013 1439 1050 fine

119 1077 268 1123 mundi,
290 1090 409 1126 quem
430 1090 605 1127 egressus
632 1076 748 1115 aliam
777 1084 966 1121 naturam,
989 1076 1108 1113 alium
1135 1076 1269 1114 orbem
1293 1075 1440 1126 aperire

66 1162 79 1176 ς
118 1139 212 1177 1111111
237 1139 362 1178 statui.
421 1152 469 1177 ex
497 1138 590 1176 Asia
614 1138 652 1176 in
684 1140 865 1187 Europae
892 1137 1078 1175 terminos
1104 1145 1306 1175 momento
1326 1137 1440 1175 unius

119 1206 236 1242 borae
263 1203 430 1242 transivi.
487 1203 610 1242 victor
635 1203 834 1252 utriusque
858 1201 1025 1251 regionis
1050 1209 1139 1251 post
1165 1215 1314 1240 nonum
1334 1201 1439 1252 regni

119 1268 207 1314 mei,
229 1275 317 1317 post
338 1267 567 1305 vicesimum
588 1274 705 1315 atque
727 1275 908 1305 octavum
929 1267 1062 1303 actalis
1080 1279 1238 1312 annum,
1254 1265 1440 1305 videorne

119 1332 229 1369 vobis
250 1331 288 1369 in
311 1332 528 1369 excolenda
546 1330 677 1380 gloria,
700 1330 762 1368 6111
783 1343 846 1368 1116
872 1330 939 1368 11111
960 1329 1111 1376 devovi,
1133 1343 1248 1379 posse
1268 1331 1440 1369 cessare?

118 1409 191 1445 ego
228 1408 319 1434 vero
357 1408 437 1433 non
475 1396 594 1433 deero
631 1402 682 1441 et,
714 1394 952 1443 ubicumque
987 1394 1179 1443 pugnabo,
1212 1393 1251 1430 in
1289 1394 1440 1432 theatro

67 1481 97 1496 22
117 1467 301 1498 terrarum
323 1458 426 1497 orbis
447 1472 530 1496 esse
552 1471 614 1496 me
641 1459 810 1496 credam.
870 1459 974 1496 dabo
1001 1457 1244 1495 nobilitatem
1266 1456 1440 1506 ignobili-

120 1525 190 1561 bus
209 1523 317 1570 locis‚
339 1523 509 1572 aperiam
529 1523 680 1560 cunctis
699 1522 879 1572 gentibus
898 1530 1026 1567 terras,
1049 1535 1144 1571 quas
1170 1529 1306 1560 natura
1325 1523 1440 1573 longe

120 1589 376 1627 submoverat.
435 1588 475 1626 in
502 1587 560 1625 his
586 1587 770 1636 operibus
794 1587 964 1637 extingui
985 1587 1089 1632 1111111,
1112 1587 1142 1624 si
1164 1588 1240 1624 sors
1261 1586 1313 1624 ita
1333 1587 1438 1632 seret,

119 1655 322 1704 pulchrum
343 1661 424 1692 est:
453 1666 500 1692 ea
519 1653 635 1703 stirpe
662 1667 748 1691 sum
768 1653 932 1702 genitus,
953 1660 996 1691 ut
1015 1654 1177 1691 multam
1198 1653 1302 1702 prius
1322 1666 1439 1703 quam

66 1741 97 1763 23
116 1721 272 1769 longam
305 1719 425 1757 vitam
456 1720 622 1757 debeam
656 1726 799 1768 optare.
859 1719 1021 1757 obsecro
1058 1732 1138 1762 VOS,
1171 1718 1337 1768 cogitate
1369 1731 1440 1756 nos

68 2064 98 2086 2⁴

119 1784 339 1834 pervenisse
368 1783 408 1821 in
437 1791 565 1830 terras,
588 1783 728 1832 quibus
758 1783 924 1821 feminae
954 1784 1004 1821 ob
1033 1783 1213 1821 virtutem
1243 1783 1441 1822 celeberri-

121 1863 229 1887 mum
258 1861 404 1887 nomen
435 1856 502 1886 est.
575 1861 672 1897 quas
704 1849 818 1886 urbes
853 1847 1075 1886 Samiramis
1106 1848 1303 1887 condidit!
1343 1862 1440 1898 quas

120 1913 244 1963 gentis
264 1913 412 1963 redegit
432 1912 471 1950 in
493 1920 725 1962 potestatem
744 1915 750 1950 1
781 1920 925 1961 quanta
942 1925 1060 1961 opera
1080 1913 1215 1950 molita
1235 1921 1291 1951 est
1309 1915 1315 1950 1
1346 1926 1441 1951 non-

121 1980 216 2016 dum
242 1977 427 2016 seminam
457 1976 709 2026 aequavimus
738 1976 869 2026 gloria,
893 1984 928 2014 et
950 1975 1025 2014 iam
1048 1989 1118 2014 nos
1138 1977 1264 2014 laudis
1285 1977 1440 2016 satietas

119 2042 246 2092 cepit?
300 2041 340 2079 di
369 2043 533 2087 faveant,
565 2041 712 2078 maiora
740 2041 869 2078 adhuc
898 2047 1053 2078 restant.
1111 2040 1182 2078 sed
1219 2040 1272 2078 ita
1310 2049 1441 2080 nostra

121 2114 243 2152 erunt,
273 2118 373 2155 quae
400 2106 580 2143 nondum
603 2104 810 2153 attigimus,
841 2103 873 2141 si
899 2103 994 2141 nihil
1022 2117 1181 2153 parvum
1203 2105 1462 2152 duxerimus‚'

123 2171 160 2207 111
183 2183 260 2219 quo
281 2183 443 2220 magnae
458 2169 601 2219 gloriae
622 2170 730 2207 locus
750 2176 817 2206 est.
876 2181 945 2206 vos
965 2169 1086 2206 modo
1107 2181 1169 2207 me
1189 2169 1238 2206 ab
1259 2168 1440 2208 intestina

122 2235 258 2273 fraude
295 2242 334 2274 et
372 2233 677 2272 domesticorum
706 2231 856 2271 insidiis
884 2239 1076 2282 praestate
1105 2245 1309 2271 securum:
1348 2233 1440 2272 belli
