1563 2446
600 595 1015 638 APPENDICES.

211 791 254 826 A.
305 792 386 825 The
411 791 489 825 first
513 792 686 825 suasoria
711 791 752 825 of
775 792 918 826 Seneca
942 791 1004 826 the
1029 791 1264 835 rhetorician,
1284 792 1382 828 from
1406 793 1470 828 the

142 856 216 884 text
234 848 276 883 of
299 849 488 893 Kiessling
511 849 686 893 (Leipzig,
706 850 891 892 Teubner,
915 849 1028 893 1872),
1047 856 1084 883 to
1102 851 1148 884 be
1166 850 1365 894 compared
1382 851 1468 884 with

143 905 290 940 Curtius
311 913 355 939 1x
374 915 393 938 2
413 903 446 949 ἕξ
466 905 591 947 8-11,
609 914 629 947 3
648 904 685 947 ἐς·
708 914 829 950 1—13‚
847 915 870 947 4
887 904 924 947 ἐξ
946 905 1090 949 16—21,
1108 916 1130 950 9
1146 905 1181 950 ἐξ
1199 915 1346 941 20—22.
1397 907 1470 940 For

141 963 245 998 these
272 963 542 998 declamations
568 975 616 998 on
641 964 785 998 thcmes
812 975 873 998 see
902 964 1034 1007 Mayor
1059 975 1106 998 on
1131 963 1286 1007 Juvenal
1306 971 1318 997 1
1342 963 1393 1005 16,
1411 971 1468 997 vlt

145 1021 218 1056 162.
271 1020 444 1055 Seneca's
462 1021 563 1054 work
580 1021 610 1055 is
629 1032 652 1055 a
668 1021 863 1055 collection
881 1020 922 1054 of
943 1020 1162 1065 specimens,
1181 1020 1351 1065 reported
1374 1020 1469 1054 from

140 1077 197 1111 his
215 1088 296 1110 own
315 1084 420 1111 notes
438 1088 478 1111 or
495 1077 590 1111 from
608 1088 785 1120 memory‚
804 1077 845 1111 of
866 1077 928 1112 the
947 1088 1103 1111 manner
1121 1077 1156 1111 in
1177 1078 1294 1111 which
1313 1089 1415 1113 some
1433 1077 1475 1113 of

140 1135 202 1169 the
227 1142 389 1179 greatest
414 1142 571 1169 masters
597 1135 638 1169 of
659 1136 720 1169 the
745 1135 875 1180 period
899 1135 975 1168 had
1000 1135 1162 1170 handled
1181 1135 1319 1169 certain
1338 1135 1466 1180 topics.

140 1194 221 1228 The
243 1194 446 1238 beginning
471 1194 513 1228 of
534 1194 596 1228 the
621 1200 770 1238 present
796 1204 867 1228 one
890 1194 920 1228 is
938 1191 1214 1237 unfortunately
1232 1193 1313 1228 lost.
1363 1194 1468 1238 They

140 1261 202 1285 are
227 1251 446 1295 interesting
469 1262 510 1285 as
538 1251 703 1293 shewing
726 1250 789 1284 the
815 1251 920 1295 spirit
941 1250 984 1284 of
1003 1250 1066 1284 the
1091 1250 1287 1285 rhetorical
1309 1251 1467 1294 schools,

140 1308 235 1342 their
258 1308 438 1342 laboured
464 1307 619 1351 striving
643 1307 738 1342 after
762 1307 959 1342 antithesis
984 1307 1060 1341 and
1077 1307 1262 1353 tendency
1279 1314 1317 1343 to
1334 1319 1430 1343 wear
1445 1320 1468 1343 a

140 1364 339 1399 sentiment
357 1364 588 1399 threadbare.

208 1443 222 1466 1
270 1432 430 1464 ...sinunt.
479 1433 672 1474 cuicumque
687 1433 733 1464 rei
750 1433 1010 1474 magnitudinem
1026 1438 1142 1464 natura
1164 1433 1299 1465 dederat
1320 1433 1411 1466 dedit
1434 1440 1466 1467 et

140 1488 293 1519 modum:
323 1487 406 1518 nihil
433 1487 595 1518 infinitum
618 1493 667 1518 est
697 1487 759 1518 nisi
791 1488 953 1520 Oceanus.
1003 1487 1094 1518 aiunt
1118 1487 1238 1519 fertiles
1267 1488 1301 1519 in
1332 1487 1466 1520 Oceano

139 1542 244 1573 iacere
260 1547 361 1573 terras
386 1541 538 1582 ultraque
559 1541 729 1572 Oceanum
752 1551 860 1572 rursus
884 1541 949 1572 alia
973 1541 1080 1578 litora,
1101 1541 1201 1572 aliurn
1225 1541 1314 1572 nasci
1337 1542 1461 1579 orbem,

139 1605 199 1626 nec
215 1604 353 1635 usquam
370 1604 476 1624 rerum
492 1599 643 1624 naturam
660 1594 820 1631 desinere,
839 1594 896 1625 sed
913 1604 1043 1635 semper
1059 1595 1134 1626 inde
1157 1595 1211 1626 ubi
1233 1595 1354 1627 desisse
1375 1596 1465 1628 uide-

139 1655 212 1680 atur
226 1658 344 1679 nouam
363 1657 544 1688 exsurgere.
591 1646 687 1678 facile
703 1647 765 1678 ista
782 1647 948 1688 finguntur
964 1647 1041 1689 quia
1058 1648 1208 1679 Oceanus
1229 1649 1376 1689 nauigari
1398 1660 1465 1681 non

139 1707 258 1744 potest.
293 1702 372 1733 satis
388 1702 429 1732 sit
446 1702 605 1732 hactenus
622 1702 813 1733 Alexandro
830 1703 945 1735 uicisse
962 1714 1027 1744 qua
1043 1704 1167 1734 mundo
1183 1703 1290 1735 lucere
1305 1704 1383 1736 satis
1405 1710 1464 1737 est.

138 1758 223 1789 intra
237 1757 298 1788 has
313 1762 415 1788 terras
431 1756 558 1787 caelum
576 1756 738 1787 Hercules
754 1757 883 1787 meruit.
929 1762 992 1788 stat
1013 1757 1186 1788 immotum
1208 1768 1297 1789 mare
1318 1763 1350 1789 et
1373 1759 1465 1800 quasi

137 1809 320 1842 deficientis
336 1809 370 1840 in
386 1819 445 1840 suo
461 1809 525 1840 fine
542 1815 677 1840 naturae
696 1809 790 1850 pigra
813 1809 932 1840 moles:
958 1820 1063 1840 nouae
1087 1820 1124 1840 ac
1147 1810 1306 1842 terribiles
1330 1810 1461 1852 figurae,

138 1875 258 1906 magna
273 1864 372 1896 etiam
389 1864 525 1895 Oceano
548 1869 702 1905 portenta
722 1874 806 1905 quae
830 1864 993 1905 profunda
1017 1866 1079 1895 ista
1101 1865 1235 1896 uastitas
1258 1865 1369 1905 nutrit,
1388 1875 1464 1897 con-

137 1921 209 1953 susa
223 1919 279 1951 lux
295 1919 363 1949 alta
378 1918 517 1960 caligine
541 1924 573 1950 et
597 1919 794 1959 interceptus
817 1919 960 1950 tenebris
982 1919 1062 1957 dies,
1082 1919 1189 1960 ipsum
1211 1930 1290 1951 uero
1311 1930 1411 1961 graue
1432 1924 1464 1951 et

137 1974 282 2007 defixum
297 1983 387 2004 mare
403 1978 434 2004 et
450 1977 506 2003 aut
522 1972 612 2003 nulla
627 1978 682 2003 aut
699 1973 812 2013 ignota
827 1973 945 2004 sidera.
992 1973 1037 2003 ita
1057 1979 1116 2011 est,
1137 1974 1336 2012 Alexander,
1355 1985 1463 2006 rerum

138 2034 269 2062 natura:
287 2033 360 2070 post
376 2027 487 2058 omnia
503 2026 665 2063 Oceanus,
685 2032 759 2067 post
776 2026 945 2058 Oceanum
962 2026 1053 2058 nihil.
1097 2037 1113 2058 2
1148 2027 1384 2060 ARGENTARI.
1414 2039 1462 2060 re-

137 2084 225 2122 siste,
245 2081 334 2114 orbis
350 2086 382 2112 te
398 2087 472 2112 tuus
489 2087 634 2112 reuocat:
664 2081 802 2112 uicimus
824 2091 889 2122 qua
905 2081 989 2112 licet.
1037 2081 1119 2112 nihil
1145 2086 1272 2112 tantum
1296 2087 1355 2120 est,
1373 2082 1461 2123 quod

137 2146 199 2178 ego
229 2134 410 2166 Alexandri
440 2133 586 2175 periculo
616 2139 738 2175 petam.
796 2133 939 2164 POMPEI
973 2133 1134 2165 SILONIS.
1179 2134 1270 2165 uenit
1299 2134 1355 2166 ille
1380 2135 1461 2171 dies,

138 2189 336 2227 Alexander,
357 2193 542 2230 exoptatus,
561 2198 626 2229 quo
642 2188 701 2219 tibi
717 2198 817 2229 opera
833 2187 958 2219 desset:
983 2187 1070 2218 idem
1086 2192 1160 2219 sunt
1177 2188 1307 2219 termini
1323 2193 1355 2220 et
1370 2188 1461 2230 regni

137 2243 184 2276 tui
199 2248 232 2274 et
252 2241 377 2273 mundi.
426 2241 524 2273 OSCI.
575 2247 704 2283 tempus
726 2246 774 2272 est
797 2241 1020 2272 Alexandrum
1044 2251 1118 2272 cum
1141 2241 1221 2272 orbe
1243 2246 1275 2272 et
1297 2251 1371 2273 cum
1393 2241 1461 2274 sole

136 2298 295 2331 desinere.
339 2296 428 2339 quod
445 2305 601 2328 noueram
617 2295 699 2328 uici:
715 2305 802 2327 nunc
813 2295 1009 2338 concupisco
1025 2295 1114 2338 quod
1129 2295 1250 2327 nescio.
1294 2304 1378 2338 quae
1394 2300 1461 2328 tam
