1563 2446
235 92 674 132 HISTORMRUM
703 90 1073 129 ALEXANDRJ
1103 91 1179 137 IX,
1214 102 1246 138 7.
1367 102 1414 140 73

95 187 133 219 et
161 193 184 218 a
205 179 404 229 Dioxippo
430 177 688 227 contemptim
718 177 925 215 militarem
951 177 1136 215 eludente
1157 176 1339 214 ferociam
1360 190 1420 214 ac·
1441 189 1470 214 18

95 252 208 294 cepta
234 243 417 282 condicio
438 250 506 281 est.
565 255 611 279 ac
636 249 792 292 postero
825 241 889 279 die
919 254 996 287 rex,
1026 255 1116 279 cum
1145 241 1263 279 etiam
1292 240 1417 278 acrius

93 316 291 347 certamen
316 314 581 357 exposcerent,
605 306 696 356 quia
722 307 914 344 deterrere
941 319 1020 343 non
1042 313 1203 355 poterat,
1226 305 1419 343 destinata

95 373 233 423 exequi
259 386 394 422 passus
415 379 483 410 est.
542 371 678 421 ingens
699 370 763 407 hic
783 370 949 408 militum
971 378 1189 408 conventus
1210 378 1300 416 erat,
1323 369 1422 407 inter
1444 391 1472 414 ¹9

93 449 192 485 quos
208 437 274 486 qui
296 444 403 474 erant
416 435 555 474 Graeci
573 434 770 484 Dioxippo
791 434 1010 472 studebant.
1054 434 1225 471 Macedo
1246 433 1345 471 iusta
1365 446 1418 470 ar-

94 514 158 538 ma
171 508 398 550 sumpserat,
414 513 570 538 aereum
586 500 768 549 clipeum,
784 500 946 546 hastam,
957 512 1075 548 quam
1092 498 1250 536 sarisam
1263 506 1416 544 vocant,

93 567 202 604 laeva
225 574 373 612 tenens,
397 566 553 603 dextera
577 566 754 603 lanceam
782 564 992 614 gladioque
1019 563 1181 610 cinctus,
1202 564 1308 601 velut
1328 576 1418 600 cum

93 630 266 680 pluribus
287 630 401 668 simul
423 630 686 668 dimicaturus.
747 629 966 679 Dioxippus
990 630 1078 667 oleo
1102 628 1230 666 nitens
1254 636 1292 666 et
1312 640 1421 666 coro-
1441 648 1473 664 ρο

92 704 204 734 natus
231 698 340 734 laeva
365 695 574 745 puniceum
599 695 823 742 amiculum,
852 696 986 733 dextra
1009 694 1184 732 validum
1209 695 1419 731 nodosum-

93 774 170 810 que
194 761 364 811 stipitem
388 761 638 811 praefcrcbat.
698 773 744 798 ea
772 760 855 810 ipsa
883 773 942 798 res
971 759 1147 798 omnium
1178 759 1330 797 animos
1359 772 1420 796 ex-

92 826 313 875 pectatione
351 827 626 876 suspenderat:
675 825 819 875 quippe
856 833 1005 863 armato
1043 824 1229 874 congredi
1267 825 1418 861 nudum

93 891 302 935 dementia,
336 904 416 929 non
450 891 646 928 temeritas
677 890 890 928 videbatur.
950 889 1063 939 igitur
1095 889 1279 934 Macedo,
1314 888 1421 925 haud
1440 908 1469 924 21

94 955 235 992 dubius
256 955 407 993 eminus
424 954 587 993 interfici
607 968 733 1004 posse,
747 955 922 992 lanceam
944 954 1088 992 emisit:
1118 966 1236 1002 quam
1260 952 1418 1001 Dioxip-

93 1032 165 1068 pus
186 1033 274 1057 cum
295 1019 433 1069 exigua
452 1019 624 1069 corporis
649 1019 912 1057 declinatione
932 1019 1101 1064 vitasset,
1121 1026 1333 1066 antequam
1353 1017 1417 1055 ille

93 1084 242 1120 hastam
272 1084 492 1121 transferret
522 1083 560 1120 in
591 1084 776 1129 dextram,
817 1083 974 1121 adsiluit
1012 1091 1050 1120 et
1084 1082 1213 1131 stipite
1246 1081 1417 1119 mediam

93 1160 179 1184 eam
208 1147 329 1197 fregit.
387 1147 530 1185 amisso
558 1155 723 1196 utroque
749 1148 828 1185 telo
854 1148 1025 1184 Macedo
1045 1146 1219 1196 gladium
1240 1154 1420 1195 coeperat
1440 1167 1470 1182 22

92 1211 294 1260 stringere:
324 1224 442 1260 quem
469 1219 702 1260 occupatum
727 1212 921 1260 conplexu
948 1211 1114 1260 pedibus
1143 1218 1303 1259 repente
1332 1210 1419 1248 sub-

92 1275 219 1313 ductis
240 1275 458 1324 Dioxippus
479 1275 652 1313 arietavit
672 1275 711 1312 in
732 1283 871 1312 terram
892 1283 1104 1324 ereptoque
1123 1274 1254 1324 gladio
1274 1274 1417 1323 pedem

92 1352 207 1388 super
232 1339 420 1377 cervicem
451 1339 592 1377 iacenti
623 1339 805 1388 inposuit,
829 1339 999 1388 stipitem
1026 1338 1222 1376 intentans
1243 1338 1418 1376 elisurus-

92 1416 167 1452 que
189 1417 236 1442 eo
255 1403 413 1450 victum,
436 1404 476 1441 ni
502 1403 720 1453 prohibitus
741 1411 841 1441 esset
861 1417 884 1440 a
907 1416 1007 1452 rege.
1065 1402 1181 1440 tristis
1209 1401 1421 1451 spectaculi
1440 1423 1471 1445 23

91 1475 254 1505 eventus
278 1481 358 1505 non
386 1468 674 1506 Macedonibus
702 1468 834 1514 modo,
857 1468 927 1505 sed
954 1467 1070 1505 etiam
1091 1468 1314 1504 Alexandro
1334 1466 1416 1512 fuit,

91 1531 257 1569 maxime
288 1532 379 1581 quia
406 1532 557 1570 barbari
585 1533 806 1570 adfuerant:
850 1532 993 1581 quippe
1022 1532 1257 1570 celebratam
1288 1532 1419 1569 Mace-

93 1596 242 1633 donum
262 1595 528 1634 fortitudinem
550 1597 601 1634 ad
621 1596 832 1634 ludibrium
852 1595 1036 1633 recidisse
1056 1595 1272 1633 verebatur.
1329 1594 1419 1631 hinc
1440 1615 1470 1638 24

92 1661 143 1697 ad
162 1660 472 1698 criminationem
501 1660 723 1698 invidorum
744 1661 951 1709 adapertae
971 1666 1061 1697 sunt
1081 1672 1192 1697 aures
1212 1658 1321 1708 regis.
1379 1667 1417 1696 et

91 1732 180 1772 post
200 1737 346 1772 paucos
367 1724 450 1762 dies
475 1724 576 1762 inter
594 1725 727 1773 epulas
753 1736 913 1761 aureum
934 1724 1121 1772 poculum
1142 1736 1190 1761 ex
1209 1722 1417 1772 conposito

93 1788 330 1834 subducitur,
358 1789 614 1838 ministrique,
640 1788 750 1838 quasi
779 1787 1010 1834 amisissent,
1040 1789 1148 1836 quod
1177 1795 1415 1833 amoverant,

92 1865 221 1902 regem
241 1854 397 1892 adeunt.
457 1867 572 1902 saepe
586 1853 714 1890 minus
737 1861 794 1891 est
813 1852 1055 1891 constantiae
1072 1852 1111 1889 in
1132 1853 1282 1898 rubore,
1301 1865 1418 1901 quam
1440 1872 1470 1894 25

92 1917 132 1955 in
152 1919 275 1967 culpa„
334 1919 556 1956 coniectum
584 1919 798 1964 oculorum,
822 1918 962 1966 quibus
992 1926 1034 1955 ut
1054 1919 1114 1954 fur
1138 1917 1416 1963 destinabatur,

94 1983 314 2033 Dioxippus
351 1986 446 2022 ferre
485 1997 565 2022 non
596 1984 723 2033 potuit
754 1992 804 2030 et,
840 1997 931 2021 cum
962 1983 1189 2021 excessisset
1223 1983 1415 2029 convivio,

91 2047 226 2085 litteris
246 2048 485 2097 conscriptis,
508 2061 607 2097 quae
626 2047 706 2097 regi
732 2049 998 2094 redderentur,
1020 2049 1119 2085 ferro
1149 2060 1189 2085 se
1209 2046 1414 2084 interemit.

91 2112 255 2161 graviter
273 2120 437 2150 mortem
457 2112 539 2150 eius
559 2113 646 2150 tulit
668 2126 744 2158 rex,
766 2112 988 2150 existimans
1015 2111 1292 2160 indignationis
1320 2124 1416 2156 esse,
1438 2124 1469 2148 26

92 2189 173 2215 non
192 2176 453 2225 paenitentiae
476 2184 627 2222 testem,
649 2176 783 2225 utique
803 2184 1012 2225 postquam
1034 2177 1129 2213 salso
1150 2176 1415 2213 insimulatum

92 2253 181 2279 eum
202 2239 366 2278 nimium
387 2239 606 2278 invidorum
626 2240 812 2290 gaudium
834 2240 1012 2278 ostendit.
