1563 2446
221 80 554 121 HISTORJAR
565 79 661 118 ΠΜ
690 78 1061 116 ALEXAMJRJ
1092 78 1168 124 JX,
1200 90 1234 124 4.
1356 78 1405 127 63

82 166 178 207 findi
211 167 388 205 crederes
419 165 545 203 undas
574 172 611 202 et
632 171 733 202 retro
759 162 928 213 gurgites
955 163 1105 201 cedere.
1165 162 1307 211 quibus
1331 170 1410 200 tan·
1432 184 1460 206 14

82 233 174 271 dem
194 231 301 270 navis
322 237 464 279 erepta,
487 242 567 267 non
587 236 720 266 tamen
740 227 845 276 ripae
866 226 1095 276 adplicatur,
1124 227 1195 264 sed
1224 226 1263 264 in
1288 226 1409 275 proxi-

83 310 192 334 mum
220 296 365 334 vadum
395 294 577 332 inliditur.
636 305 727 330 cum
761 291 867 329 amni
898 292 1045 329 bellum
1073 290 1190 328 fuisse
1217 291 1405 329 crederes.

84 374 175 410 ergo
208 360 282 398 aris
313 373 382 409 pro
414 371 578 396 numero
606 357 813 394 fluminum
838 355 973 406 positis
1004 354 1274 404 sacrificioque
1305 356 1409 393 facto

84 437 171 463 xxx
193 425 319 463 stadia
338 423 536 474 processit.

165 491 266 528 Inde
282 498 443 528 ventum
465 497 523 527 est
545 488 584 526 in
603 488 803 538 regionem
825 488 1083 526 Sudracarum
1106 487 1408 535 Mallorumque,
1435 506 1463 529 15

84 567 184 604 quos
221 553 314 591 alias
348 553 491 591 bellare
532 552 632 590 inter
663 565 704 590 se
742 551 877 589 solitos
912 559 1006 589 tunc
1043 550 1205 599 periculi
1243 550 1410 588 societas

84 619 269 656 iunxerat.
318 616 532 666 nonaginta
551 615 658 653 milia
679 615 874 653 iuniorum
895 613 1072 663 peditum
1089 613 1128 650 in
1149 612 1265 650 armis
1287 621 1406 660 erant,

84 690 236 731 praeter
261 682 332 719 hos
363 680 538 730 equitum
565 691 594 717 X
619 679 727 716 milia
761 686 1062 727 nongentaeque
1094 677 1314 726 quadrigae.
1373 685 1412 715 at
1436 691 1465 714 16

86 747 340 793 Macedones,
381 745 448 794 qui
486 744 595 782 omni
633 743 854 782 discrimine
894 742 971 780 iam
1010 743 1217 780 defunctos
1256 755 1297 780 se
1326 755 1410 780 esse

86 811 341 856 crediderant,
376 817 586 858 postquam
624 808 817 857 integrum
856 809 1003 845 bellum
1042 820 1133 844 cum
1164 806 1411 845 ferocissimis

87 875 226 913 Indiae
262 874 443 924 gentibus
481 886 682 923 superesse
729 879 1007 922 cognoverunt,
1058 870 1255 920 inproviso
1303 879 1410 909 metu

85 939 205 978 territi
230 952 359 976 rursus
389 937 582 976 seditiosis
611 937 773 975 vocibus
799 950 930 986 regem
955 935 1154 985 increpare
1174 943 1411 985 coeperunt:

87 1007 251 1054 Gangen
281 1016 439 1040 amnem
465 1011 513 1049 et,
536 1015 636 1051 quae
657 1003 756 1039 ultra
775 1009 915 1048 essent,
939 1009 1120 1039 coactum
1141 1000 1412 1047 transmittere,
1436 1021 1466 1043 η

86 1082 166 1107 non
188 1077 319 1106 tamen
339 1067 478 1114 finisse,
503 1067 571 1104 sed
592 1074 763 1103 mutasse
784 1066 942 1103 bellum.
1001 1064 1202 1103 indomitis
1231 1064 1412 1114 gentibus

87 1147 128 1172 se
162 1134 347 1179 obiectos,
384 1140 426 1169 ut
457 1130 645 1180 sanguine
673 1143 742 1167 suo
773 1129 964 1178 aperirent
992 1129 1027 1167 ei
1054 1142 1256 1167 oceanum.
1316 1128 1415 1166 trahi
1437 1142 1466 1166 18

86 1206 193 1237 extra
214 1197 340 1235 sidera
366 1204 403 1234 et
424 1197 546 1234 solem
574 1194 738 1245 cogique
766 1195 884 1241 adire,
914 1208 1015 1244 quae
1039 1194 1263 1232 mortalium
1290 1193 1413 1232 oculis

87 1270 223 1300 natura
260 1260 498 1299 subduxerit.
557 1259 668 1298 novis
706 1258 924 1296 identidem
963 1257 1078 1295 armis
1117 1271 1241 1295 novos
1280 1258 1413 1295 hostes

86 1327 260 1365 existere.
309 1338 408 1374 quos
429 1332 471 1362 ut
491 1338 628 1362 omnes
644 1324 809 1361 fundant
825 1324 1050 1372 fugentque,
1067 1323 1175 1371 quod
1196 1321 1412 1371 praemium

88 1392 192 1441 ipsos
219 1393 404 1430 manere?
434 1390 640 1438 caliginem
665 1402 710 1427 ac
734 1389 914 1427 tenebras
939 1396 976 1426 et
1004 1396 1233 1437 perpetuam
1255 1395 1411 1425 noctem

86 1456 284 1505 profundo
315 1454 570 1492 incubantem
599 1453 706 1500 mari,
742 1454 933 1501 repletum
969 1451 1186 1488 inmanium
1211 1451 1412 1489 beluarum

87 1519 266 1569 gregibus
285 1520 436 1565 fretum,
460 1517 666 1555 inmobiles
686 1517 824 1561 undas,
843 1516 882 1553 in
903 1515 1045 1564 quibus
1065 1514 1258 1552 emoriens
1279 1522 1416 1551 natura

89 1583 282 1622 defecerit.
340 1596 407 1621 rex
444 1595 525 1620 non
564 1595 644 1628 sua,
685 1582 752 1619 sed
791 1581 958 1618 militum
988 1579 1251 1618 sollicitudine
1281 1578 1417 1616 anxius
1440 1599 1469 1622 19

90 1647 274 1686 contione
294 1648 484 1685 advocata
504 1648 631 1692 docet,
654 1646 816 1684 inbelles
837 1659 932 1691 esse,
955 1659 1054 1694 quos
1075 1652 1261 1682 metuant.
1318 1643 1415 1681 nihil

90 1712 233 1750 deinde
254 1720 404 1761 praeter
423 1713 491 1750 has
511 1720 646 1761 gentes
667 1712 832 1755 obstare,
855 1711 1066 1760 quominus
1086 1719 1272 1748 terrarum
1292 1708 1416 1758 spatia

91 1776 238 1814 emensi
259 1777 307 1814 ad
329 1777 446 1814 finem
468 1776 582 1813 simul
603 1775 741 1813 mundi
761 1776 1019 1824 laborumque
1043 1774 1280 1824 perveniant.
1339 1787 1416 1812 ces·
1438 1794 1470 1809 20

91 1841 184 1880 sisse
218 1842 291 1879 illis
321 1841 586 1879 metuentibus
617 1842 781 1890 Gangen
813 1848 852 1878 et
880 1840 1172 1878 multitudinem
1199 1839 1415 1885 nationum,

91 1919 191 1955 quae
211 1907 310 1944 ultra
329 1919 486 1943 amnem
507 1917 659 1943 essent:
691 1905 906 1943 declinasse
927 1905 998 1942 iter
1019 1917 1077 1951 eo,
1100 1904 1167 1942 ubi
1187 1917 1256 1953 par
1283 1903 1413 1953 gloria,

92 1970 220 2008 minus
260 1970 475 2020 periculum
514 1978 624 2008 esset.
684 1969 761 2007 iam
792 1969 1012 2019 prospicere
1037 1983 1077 2007 se
1107 1981 1310 2016 oceanum,
1342 1967 1419 2005 iam
1440 1986 1468 2002 21

92 2035 252 2084 perflare
285 2035 337 2072 ad
369 2034 473 2084 ipsos
502 2048 635 2072 auram
662 2034 799 2072 maris:
830 2047 880 2072 ne
903 2033 1121 2071 inviderent
1147 2032 1220 2070 sibi
1246 2033 1414 2079 laudem,

93 2112 210 2148 quam
231 2106 389 2147 peteret.
441 2099 624 2136 Herculis
644 2107 682 2137 et
700 2099 828 2137 Liberi
846 2098 964 2148 patris
984 2098 1170 2136 terminos
1190 2097 1418 2135 transituros

94 2164 192 2210 illos,
208 2162 288 2212 regi
304 2175 374 2200 suo
390 2176 509 2212 parvo
530 2163 720 2212 inpendio
741 2163 1061 2201 inmortalitatem
1090 2163 1217 2199 famae
1246 2161 1415 2198 daturos.

94 2234 317 2278 paterentur
336 2239 377 2265 se
397 2240 444 2265 ex
463 2227 580 2265 India
598 2227 733 2274 redire,
757 2240 837 2264 non
866 2228 1011 2276 fugere.
1045 2225 1187 2265 ,omnis
1210 2223 1420 2277 multitudo
1441 2242 1470 2259 η
