1563 2446
102 245 133 269 ¹9

158 148 207 186 54
592 137 636 185 Q.
674 137 863 176 CURTJ
893 137 1046 175 RUFI

231 224 459 262 Alexander
485 224 535 262 ad
564 225 793 262 vastandam
821 237 906 262 eam
938 224 1138 274 regionem
1172 224 1357 264 Perdicca
1387 238 1477 264 curn

154 287 335 336 expedita
361 301 479 325 manu
508 287 628 326 misso
657 297 807 338 partem
828 288 1030 338 copiarum
1056 288 1224 326 Eumeni
1245 289 1414 336 tradidit,
1437 298 1479 327 ut

154 353 186 390 is
206 366 362 403 quoque
382 354 569 391 barbaros
597 354 647 392 ad
674 353 917 392 deditionem
938 355 1195 403 conpelleret:
1226 353 1309 403 ipse
1328 362 1479 392 ceteros

155 419 204 456 ad
235 418 369 456 urbem
401 418 582 463 validam,
619 417 657 454 in
691 430 811 466 quam
843 417 1003 455 aliarum
1035 430 1194 467 quoque
1225 418 1480 466 confugerant

101 501 134 518 ω
154 481 315 528 incolae,
343 481 464 519 duxit.
524 480 712 530 oppidani
746 480 885 527 missis,
907 480 974 530 qui
1005 494 1136 530 regem
1167 481 1478 529 deprecarentur,

156 546 279 584 nihilo
294 546 422 584 minus
443 547 588 584 bellum
607 546 807 595 parabant.
841 546 986 596 quippe
1004 555 1088 585 orta
1108 546 1248 584 seditio
1269 546 1308 584 in
1329 546 1481 584 diversa

154 610 318 649 consilia
348 610 554 648 diduxerat
585 612 763 660 vulgum:
802 611 866 648 alii
905 611 1038 649 onmia
1076 610 1276 648 deditione
1315 610 1478 659 potiora,

104 698 117 712 2
156 675 315 724 quidam
336 675 484 712 nullam
506 688 623 724 opem
647 674 685 711 in
706 674 799 723 ipsis
821 687 905 712 esse
926 675 1134 712 ducebant.
1180 675 1249 712 sed
1270 674 1364 712 dum
1387 673 1481 711 nihil

158 738 197 776 in
227 751 437 777 commune
471 738 695 784 consulitur,
728 738 794 787 qui
826 737 1017 776 deditioni
1052 737 1306 784 inminebant,
1340 737 1481 787 apertis

104 825 134 840 ῃ
156 803 276 852 portis
297 804 452 841 hostem
474 802 676 852 recipiunt.
736 803 961 840 Alexander
981 814 1221 851 quamquam
1242 801 1333 839 belli
1353 809 1483 839 aucto·

158 868 260 905 ribus
287 868 367 905 iure
394 874 546 916 poterat
573 867 694 913 irasci,
718 873 850 905 tamen
877 866 1060 905 omnibus
1081 865 1195 904 venia
1215 866 1306 903 data
1325 873 1363 904 et
1384 865 1483 904 obsi-

158 930 272 968 dibus
302 930 473 980 acceptis
507 931 557 967 ad
591 930 808 979 proximam
843 930 988 968 deinde
1022 930 1158 968 urbem
1192 937 1318 967 castra
1348 929 1478 967 movit.

106 1018 119 1033 -.›
158 996 314 1034 obsides
334 996 578 1034 ducebantur
597 1002 688 1033 ante
708 1008 859 1045 agmen.
903 1007 1003 1044 quos
1023 1008 1114 1032 cum
1135 1007 1182 1032 ex
1201 994 1320 1032 muris
1339 995 1484 1044 adgno-

160 1061 316 1107 vissent‚
334 1069 471 1111 utpote
486 1061 614 1111 gentis
630 1061 820 1107 eiusdem,
834 1061 873 1098 in
887 1060 1141 1110 conloquium
1155 1068 1479 1098 convocaverunt.

160 1125 213 1163 illi
244 1125 493 1164 clementiam
524 1125 624 1176 regis
657 1125 850 1175 simulque
881 1125 959 1162 vim
979 1125 1330 1163 commemorando
1350 1125 1401 1162 ad
1421 1125 1485 1163 de-

161 1190 352 1229 ditionem
391 1203 459 1228 eos
498 1191 738 1240 conpulere:
776 1197 1004 1239 ceterasque
1048 1189 1162 1228 urbes
1208 1189 1323 1227 simili
1363 1190 1484 1228 modo

161 1255 330 1294 domitas
351 1256 390 1293 in
409 1256 529 1294 fidem
550 1255 713 1306 accepit.

241 1320 351 1358 Hinc
377 1320 415 1358 in
445 1334 608 1370 regnum
635 1320 806 1370 Sopithis
832 1327 1065 1370 perventum
1086 1327 1155 1359 est.
1212 1332 1318 1369 gens,
1340 1326 1383 1357 ut
1402 1319 1485 1357 bar-

162 1383 242 1421 bari
275 1384 453 1431 credunt,
488 1383 678 1433 sapientia
711 1385 874 1422 excellet
903 1384 1097 1433 bonisque
1126 1383 1299 1421 moribus
1328 1381 1480 1431 regitur.

107 1469 137 1490 25
157 1447 309 1497 genitos
335 1448 477 1486 liberos
505 1461 584 1486 non
612 1455 816 1497 parentum
837 1447 994 1486 arbitrio
1024 1448 1165 1486 tollunt
1193 1447 1392 1495 aiuntque,
1414 1446 1484 1484 sed

107 1654 139 1676 25

108 1788 139 1811 ²7

109 2036 141 2061 28

110 2236 142 2261 29

162 1524 308 1558 eorum,
330 1511 470 1561 quibus
502 1512 706 1562 spectandi
738 1512 931 1550 infantum
966 1511 1143 1550 habitum
1177 1524 1269 1548 cura
1299 1511 1485 1549 mandata

160 1582 228 1612 cst.
287 1574 319 1612 si
349 1588 449 1624 quos
481 1575 651 1625 insignes
672 1583 737 1613 aut
758 1575 889 1624 aliqua
908 1583 1016 1625 parte
1042 1575 1307 1612 membrorum
1328 1573 1485 1612 inutiles

160 1647 402 1686 notaverunt,
437 1640 566 1678 necari
597 1639 742 1678 iubent.
803 1639 948 1689 nuptiis
979 1646 1125 1677 coeunt
1156 1652 1236 1677 non
1267 1651 1409 1688 genere
1438 1651 1485 1676 ac

162 1703 365 1741 nobilitate
411 1703 644 1750 coniunctis,
684 1704 753 1742 sed
792 1704 918 1741 electa
964 1716 1172 1753 corporum
1211 1702 1353 1752 specie,
1393 1702 1485 1752 quia

160 1767 298 1806 eadem
336 1767 560 1806 aestimatur
596 1768 636 1805 in
670 1768 809 1806 liberis.
879 1767 994 1805 huius
1023 1767 1149 1816 gentis
1183 1766 1386 1816 oppidum,
1421 1767 1485 1805 cui

162 1833 386 1870 Alexander
415 1833 642 1870 admoverat
673 1832 818 1881 copias,
840 1832 889 1870 ab
910 1832 995 1881 ipso
1027 1831 1189 1881 Sopithe
1221 1831 1481 1869 obtinebatur.

161 1897 317 1934 clausae
350 1903 459 1934 erant
497 1903 643 1945 portae,
682 1897 750 1934 sed
790 1895 886 1933 nulli
925 1896 964 1933 in
1003 1895 1122 1933 muris
1159 1894 1406 1944 turribusque
1443 1908 1484 1934 Se

161 1959 299 1997 armati
318 1960 592 2006 ostendebant,
615 1959 924 2009 dubitabantque
946 1960 1201 2005 Macedones,
1223 1958 1485 1998 deseruissent

162 2024 297 2062 urbem
328 2023 491 2070 incolae,
513 2037 564 2062 an
595 2025 730 2062 fraude
762 2037 802 2062 se
833 2025 1081 2061 occulerent:
1113 2036 1204 2060 cum
1231 2023 1361 2061 subito
1381 2030 1485 2072 pate-

163 2089 264 2126 facta
295 2095 508 2137 porta-rex
541 2089 666 2126 Indus
698 2101 790 2125 cum
824 2088 978 2125 duobus
1011 2087 1153 2125 adultis
1187 2087 1274 2125 filiis
1305 2087 1482 2133 occurrit,

165 2153 333 2189 multum
371 2151 471 2191 inter
508 2165 646 2191 omnes
685 2152 868 2190 barbaros
906 2151 1084 2190 eminens
1122 2150 1295 2201 corporis
1341 2150 1481 2201 specie.

162 2215 278 2253 vestis
311 2223 391 2254 erat
424 2228 519 2254 auro
557 2228 805 2266 purpuraque
844 2215 1040 2260 distincta,
1081 2227 1181 2264 quae
1219 2214 1337 2252 etiam
1375 2227 1484 2253 crura

164 2280 332 2319 velabat:
364 2280 489 2319 aureis
521 2280 638 2320 soleis
668 2280 881 2318 inseruerat
907 2291 1094 2330 gemmas,
1116 2278 1248 2318 lacerti
1269 2290 1426 2329 quoque
1446 2285 1484 2318 et
