1563 2446
72 437 102 460 25

74 688 105 712 26

78 1595 110 1620 29

78 1917 110 1942 30

79 2174 108 2198 31

129 140 177 188 58
311 148 314 149 ’
564 140 612 189 Q.
651 141 841 180 CURTJ
871 143 1017 181 RUFI

125 224 321 264 vincendo
343 225 495 264 fecistis.
556 239 646 264 cum
668 240 737 276 per
766 229 1074 278 Hellespontum
1096 229 1377 278 navigaremus,
1398 230 1449 269 de

124 289 320 338 paucitate
342 299 476 328 nostra
496 290 750 339 cogitandum
772 292 860 330 suit:
882 306 988 331 nunc
1008 306 1080 331 nos
1101 295 1266 344 Scythae
1283 307 1450 344 sequun-

125 362 196 400 tur,
220 354 426 392 Bactriana
441 354 582 392 auxilia
602 364 758 404 praesto
779 364 882 403 sunt,
906 358 1044 396 Dahae
1065 359 1331 408 Sogdianique
1352 359 1450 396 inter

123 429 195 455 nos
215 417 392 455 militant.
443 431 517 456 nec
539 426 670 456 tamen
692 419 745 456 illi
766 420 902 459 turbae
923 422 1092 459 confido.
1144 431 1291 460 vestras
1310 435 1450 460 manus

127 481 290 528 intueor,
312 490 479 520 vestram
506 482 689 520 virtutem
714 496 853 529 rerum,
877 496 972 533 quas
992 494 1170 534 gesturus
1191 499 1288 531 sum,
1309 486 1449 524 vadem

127 546 393 595 praedemque
418 546 555 584 habeo.
615 547 802 595 quamdiu
827 547 1032 586 vobiscum
1058 549 1096 586 in
1121 549 1204 588 acie
1230 550 1353 595 stabo,
1376 562 1449 588 nec

128 609 204 648 mei
224 623 299 648 nec
319 610 488 647 hostium
511 611 702 648 exercitus
722 623 905 649 numero:
933 625 1003 650 vos
1034 614 1156 651 modo
1182 613 1335 652 animos
1355 613 1449 651 mihi

126 675 263 724 plenos
301 674 509 712 alacritatis
547 687 594 712 ac
631 675 797 713 fiduciae
836 676 1032 714 adhibete.
1119 690 1200 715 non
1241 677 1281 715 in
1315 677 1450 716 limine

129 752 293 789 operum
331 740 589 788 laborumque
618 747 852 785 nostrorum,
874 741 943 778 sed
974 740 1012 778 in
1042 740 1145 779 exitu
1175 749 1339 780 stamus:
1369 754 1451 791 per-

128 803 306 841 venimus
337 804 388 841 ad
419 803 511 841 solis
543 812 671 841 ortum
703 812 741 842 et
772 817 984 842 oceanum:
1023 805 1097 842 nisi
1131 806 1260 844 obstat
1287 805 1449 856 ignavia,

128 867 220 905 inde
237 867 401 905 victores
416 867 640 917 perdomito
661 869 737 906 fine
758 875 943 906 terrarum
960 877 1196 907 revertemur
1214 869 1253 906 in
1273 869 1447 919 patriam.

128 931 263 978 nolite,
300 933 407 981 quod
442 932 540 981 pigri
574 932 766 982 agricolae
801 933 961 979 faciunt,
996 941 1170 971 maturos
1205 935 1351 972 fructus
1383 946 1453 983 per

93 1018 104 1040 7
127 995 303 1034 inertiam
335 990 513 1034 amittere
539 1009 566 1034 e
597 997 788 1035 manibus.
847 996 996 1035 maiora
1025 1005 1117 1035 sunt
1142 997 1321 1047 periculis
1347 1010 1452 1047 prae-

130 1060 226 1097 mia:
256 1060 365 1098 dives
398 1061 537 1098 eadem
559 1068 596 1098 et
618 1060 770 1099 inbellis
793 1069 850 1099 est
869 1061 987 1110 regio.
1047 1061 1180 1110 itaque
1200 1075 1280 1100 non
1301 1069 1381 1099 tam
1401 1061 1452 1100 ad

129 1125 291 1174 gloriam
312 1138 382 1163 vos
403 1125 519 1171 duco,
541 1138 660 1174 quam
681 1127 731 1163 ad
752 1125 949 1174 praedam.
1003 1125 1111 1175 digni
1131 1125 1234 1172 estis,
1257 1125 1321 1175 qui
1343 1138 1450 1175 opes,

130 1202 226 1238 quas
247 1189 340 1226 illud
362 1202 468 1226 mare
495 1188 675 1227 litoribus
695 1189 858 1235 invehit,
880 1189 1052 1227 referatis
1072 1189 1111 1227 in
1133 1189 1310 1239 patriam,
1331 1189 1450 1239 digni,

77 1274 90 1290 ε
129 1253 196 1302 qui
224 1253 321 1290 nihil
351 1253 609 1303 inexpertum,
632 1253 728 1291 nihil
755 1262 861 1291 metu
883 1253 1070 1292 omissum
1090 1253 1325 1303 relinquatis.
1383 1266 1453 1303 per

130 1330 200 1356 vos
229 1317 473 1367 gloriamque
503 1326 683 1364 vestram,
704 1331 782 1367 qua
801 1318 1016 1355 humanum
1037 1318 1231 1367 fastigium
1253 1317 1449 1364 exceditis,

130 1394 278 1431 perque
299 1389 338 1420 et
357 1395 445 1419 mea
471 1381 510 1419 in
536 1395 606 1420 vos
631 1390 669 1420 et
690 1382 728 1419 in
755 1395 818 1420 me
844 1391 969 1421 vestra
989 1382 1137 1426 merita,
1159 1382 1300 1431 quibus
1319 1381 1450 1420 invicti

130 1446 419 1491 contendimus,
438 1459 507 1484 oro
528 1459 765 1495 quaesoque,
783 1459 832 1484 ne
848 1447 1105 1484 humanarum
1121 1459 1249 1484 rerum
1265 1446 1451 1484 terminos

130 1511 342 1548 adeuntem
373 1511 575 1548 alumnum
608 1510 997 1560 commilitonemque
1027 1518 1208 1556 vestrum,
1241 1523 1291 1548 ne
1322 1510 1451 1548 dicam

130 1586 272 1623 regem,
295 1573 492 1612 deseratis,
552 1581 681 1612 cetera
700 1574 811 1612 vobis
832 1574 1035 1624 imperavi:
1065 1575 1142 1612 hoc
1160 1587 1282 1611 unum
1302 1574 1452 1612 debitu-

130 1651 195 1676 rus
216 1651 314 1676 sum.
370 1646 408 1676 et
435 1637 468 1676 is
491 1651 560 1676 vos
587 1651 694 1687 rogo,
717 1638 784 1687 qui
805 1638 899 1676 nihil
920 1651 1105 1687 umquam
1125 1637 1237 1676 vobis
1257 1638 1449 1688 praecepi,

130 1703 224 1754 quin
251 1703 398 1752 primus
425 1715 487 1741 me
514 1703 693 1752 periculis
714 1703 933 1748 obtulerim,
955 1703 1021 1752 qui
1042 1715 1158 1752 saepe
1178 1702 1303 1740 aciem
1323 1702 1451 1752 clipeo

131 1781 221 1806 tneo
255 1767 344 1814 texi,
380 1780 431 1805 ne
465 1767 694 1816 infregeritis
728 1767 767 1804 in
801 1767 980 1805 manibus
1018 1767 1115 1805 meis
1152 1767 1336 1816 palmam,
1375 1779 1452 1816 qua

132 1832 349 1870 Herculem
376 1831 642 1880 Liberumque
669 1838 832 1880 patrem,
856 1831 886 1868 si
911 1830 1057 1869 invidia
1083 1831 1233 1877 afuerit,
1256 1831 1447 1880 aequabo.

130 1897 221 1934 date
254 1897 332 1934 hoe
362 1895 545 1945 precibus
579 1894 676 1933 meis
710 1902 749 1933 et
783 1895 945 1933 tandem
979 1894 1219 1933 obstinatum
1253 1894 1451 1932 silentium

131 1960 310 2010 rumpite.
368 1959 434 1998 ubi
456 1967 513 1997 est
528 1959 592 1997 ille
613 1960 769 2005 clamor,
791 1959 998 1997 alacritatis
1029 1967 1177 1997 vestrae
1208 1958 1355 1998 index?
1383 1959 1450 1998 ubi

130 2025 194 2063 ille
215 2037 391 2062 meorum
413 2024 682 2061 Macedonum
701 2024 855 2061 vultus?
882 2035 963 2061 non
982 2023 1182 2072 adgnosco
1198 2036 1280 2069 vos,
1296 2023 1449 2070 milites,

131 2101 205 2127 nec
227 2087 415 2137 adgnosci
435 2087 571 2125 videor
590 2100 613 2124 a
631 2087 752 2125 vobis.
785 2088 921 2125 surdas
940 2086 1172 2125 iamdudum
1191 2100 1303 2125 aures
1318 2088 1449 2136 pulso:

129 2165 285 2191 aversos
305 2151 458 2190 animos
479 2158 517 2189 et
537 2151 722 2189 infractos
749 2150 916 2189 excitare
945 2151 1091 2188 conor.'
1147 2163 1317 2200 cumque
1336 2150 1391 2189 illi
1409 2150 1450 2188 in

132 2223 273 2255 terram
312 2215 492 2254 demissis
530 2214 724 2264 capitibus
762 2222 891 2253 tacere
935 2222 1236 2264 perseverarent,
1301 2215 1450 2253 ‘neseio

133 2280 227 2331 quid
236 2282 256 2328 '‚
277 2279 415 2330 inquit,
440 2279 495 2317 ‘in
514 2292 584 2318 vos
604 2279 817 2329 inprudens
837 2278 996 2329 deliqui,
1017 2279 1126 2329 quod
1152 2291 1215 2317 me
1241 2290 1290 2317 ne
1309 2277 1450 2320 intueti
