1563 2446
128 141 178 176 40
565 127 610 177 Q.
657 128 774 166 CUR
782 127 845 165 Τ]
873 126 1028 166 RUFI

133 213 307 264 undique
323 227 507 265 praeceps
521 222 557 253 et
578 215 743 264 abrupta
762 227 877 264 rupes
892 221 984 261 erat,
999 212 1127 252 senIOr
1139 211 1296 262 quidam
1313 211 1457 263 peritus

132 279 306 317 locorum
335 292 425 316 cum
455 279 610 317 duobus
639 278 727 316 filiis
756 278 862 325 adiit,
894 277 925 316 si
963 277 1130 326 pretium
1167 289 1308 326 operae
1342 283 1456 323 esset,

101 341 284 385 4aditum
316 355 357 380 se
388 350 690 380 monstraturum
730 354 814 379 esse
853 342 1092 390 promittens.
1162 351 1275 377 Lxxx
1312 341 1458 378 talenta

132 404 332 442 constituit
355 405 535 443 daturum
568 404 789 442 Alexander
813 411 852 441 et
879 404 1001 440 altero
1027 416 1075 441 ex
1095 401 1300 440 iuvenibus
1320 400 1457 439 obside

99 489 114 512 5
133 477 284 508 retento
305 469 430 519 ipsum
452 471 502 508 ad
523 470 765 519 exequenda,
779 481 880 518 quae
901 469 1104 509 obtulerat.
1120 466 1276 506 dimisit.
1324 466 1459 505 leviter

132 534 288 572 armatis
327 535 405 573 dux
437 535 550 572 datus
588 542 646 572 est
682 533 883 580 Mullinus,
918 531 1045 570 scriba
1077 531 1186 581 regis.
1244 531 1316 569 hos
1353 530 1456 569 enim

134 598 309 644 circuitu,
333 611 412 647 quo
442 599 618 636 fallerent
645 598 812 644 hostem,
836 597 877 634 in
901 609 1098 634 summum
1124 595 1256 645 iugum
1280 595 1458 644 placebat

100 675 115 699 6
135 663 310 701 evadere.
361 670 469 712 petra
489 675 581 707 non,
600 670 641 700 ut
662 663 881 711 pleraeque,
896 660 1062 699 modicis
1081 673 1128 698 ac
1147 659 1330 698 mollibus
1351 658 1459 697 clivis

134 725 173 762 in
201 726 366 763 sublime
393 725 588 774 fastigium
617 725 767 772 crescit,
790 725 859 763 sed
886 724 926 762 in
952 732 1079 762 metae
1106 723 1274 761 maxime
1294 723 1459 761 modum

134 798 261 828 erecta
282 798 349 836 est,
365 790 474 827 cuius
495 789 573 827 ima
593 789 822 839 spatiosiora
841 797 941 835 sunt,
958 789 1094 827 altiora
1113 788 1153 826 in
1165 788 1282 826 artius
1301 796 1457 834 coeunt,

105 875 118 898 7
139 868 290 892 summa
316 854 355 892 in
381 863 541 892 acutum
571 867 761 892 cacumen
787 861 988 903 exurgunt.
1046 853 1196 892 radices
1225 853 1307 891 eius
1336 853 1459 891 Indus

135 919 260 957 amnis
281 919 394 965 subit,
408 920 614 968 praealtus,
629 920 822 968 utrimque
843 918 988 968 asperis
1008 917 1120 967 ripis:
1150 918 1199 956 ab
1220 919 1339 956 altera
1351 926 1460 967 parte

134 984 336 1034 voragines
357 984 580 1033 eluviesque
600 992 830 1034 praeruptae
849 991 950 1022 sunt.
1008 996 1083 1021 nec
1108 982 1183 1020 alia
1208 982 1459 1032 expugnandi

102 1062 117 1087 ε
135 1051 295 1100 patebat
323 1050 396 1096 via,
427 1063 545 1099 quam
575 1058 617 1088 ut
654 1051 906 1099 replerentur.
963 1049 1014 1087 ad
1041 1061 1202 1086 manum
1233 1048 1330 1085 silva
1366 1056 1459 1095 erat,

136 1127 254 1163 quam
275 1128 343 1153 rex
362 1114 415 1152 ita
435 1114 547 1153 caedi
568 1113 689 1160 iussit,
707 1122 748 1151 ut
769 1113 864 1151 nudi
885 1112 1034 1162 stipites
1054 1111 1286 1150 iacerentur:
1315 1112 1460 1162 quippe

135 1179 230 1217 rami
257 1180 395 1217 fronde
414 1178 543 1216 vestiti
570 1177 813 1227 inpedissent
838 1178 1014 1216 ferentes.
1074 1175 1157 1226 ipse
1183 1176 1330 1226 primus
1359 1185 1461 1215 trun-

135 1257 222 1281 cam
251 1245 429 1282 arborem
459 1242 561 1289 iecit,
591 1244 819 1292 clamorque
853 1242 1057 1288 exercitus,
1091 1241 1211 1279 index
1240 1241 1459 1288 alacritatis,

138 1316 294 1346 secutus
323 1316 380 1347 est
410 1309 518 1346 nullo
547 1309 790 1346 detrectante
819 1320 973 1353 munus,
1005 1306 1114 1356 quod
1142 1319 1209 1344 rex
1237 1306 1460 1355 occupavis-

103 1394 120 1418 9
139 1381 207 1411 set.
266 1372 367 1411 intra
395 1373 605 1422 septimum
637 1373 743 1411 diem
772 1384 957 1410 cavernas
986 1372 1246 1420 expleverant,
1277 1383 1364 1408 cum
1394 1383 1460 1408 rex

138 1437 356 1487 sagittarios
389 1445 428 1475 et
459 1437 650 1487 Agrianos
690 1437 797 1475 iubet
828 1449 896 1486 per
933 1436 1055 1474 ardua
1092 1435 1180 1473 niti:
1222 1435 1460 1484 iuvenesque

89 1522 120 1539 10
140 1500 451 1550 promptissimos
480 1515 527 1539 ex
550 1514 620 1539 sua
647 1502 808 1539 cohorte
834 1511 925 1538 xxx
947 1499 1099 1549 delegit.
1159 1500 1280 1537 duces
1300 1498 1359 1536 his
1379 1499 1460 1537 dati

139 1573 229 1603 sunt
250 1567 401 1604 Charus
415 1573 452 1603 et
473 1566 707 1611 Alexander,
726 1578 843 1614 quem
864 1577 930 1602 rex
950 1563 1130 1609 nominis,
1148 1563 1255 1612 quod
1276 1562 1349 1601 sibi
1369 1576 1459 1600 cum

139 1642 187 1668 eo
215 1642 427 1668 commune
458 1637 570 1677 esset,
599 1629 813 1668 admonuit.
873 1642 919 1667 ac
947 1628 1085 1678 primo,
1116 1627 1207 1676 quia
1234 1634 1314 1665 tam
1342 1627 1462 1666 mani-

138 1694 279 1731 festum
307 1694 522 1743 periculum
552 1703 643 1742 erat,
671 1694 799 1744 ipsum
828 1706 958 1743 regem
987 1691 1196 1730 discrimen
1224 1691 1350 1729 subire
1378 1703 1460 1730 non

89 1776 116 1794 ιι
138 1757 302 1806 placuit:
333 1758 402 1795 sed
422 1765 464 1795 ut
492 1758 647 1807 signum
669 1758 760 1796 tuba
781 1758 915 1795 datum
935 1764 1004 1803 est,
1025 1757 1082 1793 vir
1100 1754 1288 1793 audaciae
1308 1767 1460 1804 promp-

140 1831 202 1860 tae
222 1835 433 1860 conversus
453 1824 504 1861 ad
524 1823 697 1872 corporis
717 1823 900 1860 custodes
920 1820 1030 1870 sequi
1051 1833 1091 1858 se
1113 1820 1218 1858 iubet
1236 1818 1459 1868 primusque

140 1886 289 1924 invadit
316 1886 354 1923 in
381 1900 527 1936 rupem.
587 1900 660 1925 nec
684 1887 828 1925 deinde
853 1885 1058 1935 quisquam
1086 1885 1354 1922 Macedonum
1374 1885 1462 1922 sub-

140 1950 246 1998 stitit,
269 1950 490 2000 relictisque
517 1951 750 1989 stationibus
774 1963 843 1988 sua
869 1959 1010 1999 sponte
1036 1962 1163 1998 regem
1185 1950 1458 1998 sequebantur.

88 2036 117 2052 η
137 2015 346 2053 multorum
367 2015 594 2053 miserabilis
613 2015 683 2053 suit
702 2028 826 2061 casus,
847 2026 946 2063 quos
972 2026 1020 2051 ex
1045 2021 1252 2062 praerupta
1269 2025 1364 2062 rupe
1383 2015 1463 2064 lap-

139 2092 204 2118 sos
224 2079 349 2117 amnis
369 2081 646 2129 praeterfluens
666 2079 805 2126 hausit,
827 2079 933 2117 triste
954 2079 1220 2128 spectaculum
1242 2078 1359 2116 etiam
1379 2092 1459 2118 non

138 2142 469 2193 periclitantibus:
499 2156 589 2182 cum
610 2157 701 2183 vero
720 2145 850 2183 alieno
869 2143 999 2188 exitio,
1013 2143 1110 2192 quid
1129 2143 1222 2192 ipsis
1241 2143 1460 2182 timendum

139 2209 250 2254 soret,
277 2208 591 2254 admonerentur,
622 2208 661 2245 in
685 2217 832 2246 metum
862 2207 1127 2246 misericordia
1153 2220 1263 2245 versa
1291 2221 1371 2246 non
1401 2221 1462 2246 ex·

87 2291 119 2314 ις,
136 2270 289 2317 tinctos,
326 2271 394 2308 sed
426 2271 657 2321 semetipsos
687 2271 896 2310 deflebant.
953 2278 992 2309 et
1030 2270 1107 2308 iam
1145 2283 1193 2308 eo
1231 2277 1459 2320 perventum
