1563 2446
234 105 567 144 JJJSTORJAR
580 105 672 142 (sill
704 102 1074 140 ALEXANDRJ
1105 102 1180 147 IX,
1216 115 1246 137 2.
1362 112 1408 151 53

87 192 245 230 brachia
281 191 493 240 margaritis
532 197 668 229 ornata
707 196 826 227 erant.
905 188 1133 238 pendebant
1172 186 1218 224 essx*
1254 187 1412 224 auribus
1433 208 1465 232 30

87 257 256 306 insignes
286 257 456 294 candore
486 268 532 293 ac
562 254 835 303 magnitudine
856 253 985 302 lapilli.
1045 252 1230 290 baculum
1250 264 1411 289 aureum

87 320 221 370 berylli
251 320 563 369 distinguebant:
597 331 676 367 quo
709 317 852 355 tradito
883 323 1074 366 precatus,
1097 323 1139 353 ut
1160 328 1294 364 sospes
1314 314 1412 352 acci-

87 392 205 434 peret,
234 392 272 422 et
302 384 522 433 liberosque
555 390 593 421 et
623 390 782 431 gentem
815 395 925 419 suam
957 381 1120 419 dedidit.
1180 379 1332 418 nobiles
1363 379 1413 417 ad
1434 399 1462 423 31

87 449 309 486 venandum
331 461 448 485 canes
469 447 507 485 in
527 460 571 485 ea
592 447 748 496 regione
769 454 876 483 sunt:
906 448 1043 483 latratu
1064 444 1257 483 abstinere
1278 443 1412 482 dicun-

87 520 158 558 tur,
180 525 269 549 cum
300 512 481 550 viderunt
512 513 642 557 feram,
666 510 845 548 leonibus
876 510 1044 547 maxime
1072 509 1212 547 infesti.
1271 509 1411 546 horum
1432 529 1462 552 32

87 576 164 613 vim
185 583 227 613 ut
247 577 471 614 ostenderet
492 576 730 621 Alexandro,
754 575 793 612 in
815 582 1047 623 conseptum
1067 575 1224 612 leonem
1245 572 1409 611 eximiae

86 640 363 690 magnitudinis
384 639 493 677 iussit
514 639 638 677 emitti
658 647 695 676 et
717 651 781 676 1111
804 638 965 676 omnino
981 637 1182 676 admoveri
1198 650 1325 683 caneS,
1343 636 1410 685 qui

85 705 262 742 celeriter
282 705 401 742 feram
424 711 726 753 occupaverunt.
787 710 870 741 tum
893 715 940 740 ex
970 702 1026 746 iis,
1050 701 1117 751 qui
1148 702 1408 739 adsueverant

86 769 226 806 talibus
246 768 478 815 ministeriis,
497 781 598 805 unus
620 767 726 805 canis
743 767 847 805 leoni
864 781 953 804 cum
970 766 1053 804 aliis
1070 765 1305 804 inhaerentis
1322 778 1409 803 crus

86 834 249 870 avellere
270 840 319 878 et,
342 832 432 881 quia
453 845 533 869 non
554 831 800 880 sequebatur,
823 832 922 868 ferro
952 838 1152 879 amputare
1182 829 1330 878 coepit:
1361 843 1410 867 ne
1431 850 1462 873 33

87 896 142 934 sic
161 897 321 945 quidem
343 896 556 945 pertinacia
576 895 677 932 victa
697 908 825 932 rursus
845 895 961 932 aliam
982 902 1131 944 partem
1152 907 1283 932 secare
1304 893 1408 931 insti-

86 961 131 999 tit
152 969 189 999 et
209 961 300 998 inde
322 974 400 998 non
422 960 576 1009 segnius
597 960 864 997 inhaerentem
892 961 991 997 ferro
1018 958 1185 997 subinde
1205 958 1404 996 caedebat.

87 1025 150 1063 ille
183 1025 223 1062 in
255 1026 415 1062 vulnere
446 1025 547 1062 ferae
579 1025 717 1061 dentes
738 1023 997 1061 moribundus
1024 1036 1184 1072 quoque
1209 1022 1405 1060 infixerat:

87 1097 234 1127 tantam
268 1087 339 1140 [in]
372 1089 445 1126 illis
472 1088 704 1125 animalibus
733 1088 782 1125 ad
814 1088 1039 1126 venandum
1070 1087 1325 1136 cupiditatem
1351 1086 1408 1123 in-

86 1166 289 1203 generasse
310 1161 487 1190 naturam
506 1152 719 1190 memoriae
739 1152 937 1202 proditum
959 1159 1025 1189 est.
1085 1151 1270 1200 equidem
1301 1151 1410 1199 plura
1430 1171 1461 1194 34

87 1217 310 1263 transcribo,
328 1230 445 1266 quam
466 1217 603 1254 credo:
624 1230 715 1254 nam
737 1230 811 1254 nec
831 1217 1035 1253 adfirmare
1056 1215 1242 1259 sustineo,
1259 1215 1308 1252 de
1325 1214 1408 1263 qui-

86 1282 157 1320 bus
174 1281 322 1326 dubito,
342 1294 414 1318 nec
431 1281 656 1327 subducere,
676 1294 775 1329 quae
791 1280 936 1329 accepi.
968 1279 1102 1317 relicto
1119 1279 1234 1328 igitur
1248 1278 1409 1327 Sopithe
1431 1299 1460 1322 ‚25

86 1345 125 1383 in
156 1358 227 1383 suo
258 1358 378 1393 regno
408 1345 459 1382 ad
489 1344 648 1382 fluvium
671 1344 852 1393 Hypasin
873 1343 1072 1393 processit,
1095 1342 1404 1392 Hephaestione,

86 1409 153 1458 qui
173 1409 365 1447 diversam
385 1408 585 1458 regionem
606 1409 822 1457 subegerat,
844 1407 1068 1445 coniuncto.
1129 1408 1308 1456 Phegeus
1329 1413 1409 1444 erat
1429 1420 1461 1450 36

85 1474 211 1523 gentis
241 1473 440 1522 proximae
470 1485 552 1511 rex:
585 1472 651 1521 qui
682 1472 933 1522 popularibus
962 1471 1041 1509 suis
1072 1472 1200 1509 colere
1220 1484 1342 1520 agros,
1364 1478 1407 1509 ut

85 1538 354 1586 adsueverant,
395 1536 507 1574 iussis
545 1537 770 1575 Alexandro
809 1549 899 1574 cum
938 1535 1051 1574 donis
1086 1535 1267 1581 occurrit,
1297 1535 1404 1582 nihil,

86 1602 192 1651 quod
213 1601 430 1650 imperaret,
453 1601 685 1639 detrectans.

167 1666 337 1704 Biduum
358 1666 461 1714 apud
484 1678 573 1703 eum
595 1665 766 1703 substitit
786 1678 870 1702 rex:
892 1663 1006 1702 tertio
1028 1663 1090 1702 die
1111 1676 1267 1701 amnem
1290 1676 1400 1712 supe-
1431 1664 1458 1707 2

86 1743 169 1768 rare
198 1730 430 1773 decreverat,
453 1729 614 1766 transitu
635 1729 832 1766 difficilem
866 1741 946 1766 non
978 1727 1104 1776 spatio
1135 1729 1261 1765 solum
1292 1740 1407 1776 aqua-

86 1807 182 1841 rum,
205 1793 274 1831 sed
296 1792 413 1830 etiam
434 1792 534 1830 saxis
555 1792 784 1841 inpeditum.
829 1798 1081 1841 percontatus
1100 1790 1215 1840 igitur
1235 1792 1403 1840 Phegea,
1425 1813 1438 1828 2

87 1870 187 1906 quae
217 1857 420 1894 noscenda
450 1863 571 1902 erant,
607 1867 649 1893 XI
685 1856 836 1894 dierum
871 1857 971 1893 ultra
1001 1856 1148 1893 flumen
1179 1867 1248 1904 per
1277 1862 1405 1892 vastas

88 1921 315 1959 solitudines
349 1920 420 1958 iter
451 1933 535 1957 esse
569 1920 790 1969 cognoscit:
830 1920 1006 1969 excipere
1045 1919 1188 1957 deinde
1227 1921 1403 1968 Gangen,

88 1984 299 2022 maximum
319 1984 438 2022 totius
461 1983 598 2022 Indiae
619 1984 842 2021 fluminum:
872 1983 1094 2021 ulteriorem
1122 1982 1247 2031 ripam
1275 1983 1403 2020 colere
1423 2003 1438 2026 3

88 2055 223 2098 gentes
243 2047 483 2096 Gangaridas
500 2055 538 2086 et
558 2048 712 2085 Prasios
732 2060 946 2096 eorumque
966 2060 1096 2096 regem
1117 2060 1201 2085 esse
1221 2048 1405 2095 Aggram-

89 2124 192 2158 men,
213 2122 272 2148 xx
297 2111 452 2149 milibus
479 2111 654 2160 equiturn
681 2111 939 2160 ducentisque
959 2111 1135 2160 peditum
1157 2109 1403 2148 obsidentem

89 2175 181 2213 vias.
238 2174 288 2211 ad
311 2174 387 2211 hoc
411 2174 686 2224 quadrigarum
716 2187 747 2212 11
777 2174 886 2212 milia
914 2175 1065 2212 trahere
1091 2182 1129 2212 et
1150 2173 1403 2223 praecipuum
1422 2194 1438 2216 4

90 2247 275 2277 terrorem
312 2238 554 2286 elephantos,
593 2251 693 2287 quos
731 2250 778 2276 111
817 2238 969 2276 milium
1006 2251 1212 2276 numerum
1249 2237 1404 2286 explere
