<?xml version="1.0" encoding="UTF-8"?>
<!DOCTYPE html PUBLIC "-//W3C//DTD XHTML 1.0 Transitional//EN"
    "http://www.w3.org/TR/xhtml1/DTD/xhtml1-transitional.dtd">
<html xmlns="http://www.w3.org/1999/xhtml" xml:lang="en" lang="en">
 <head>
  <title>
</title>
<meta http-equiv="Content-Type" content="text/html;charset=utf-8" />
  <meta name='ocr-system' content='tesseract 3.04.00' />
  <meta name='ocr-capabilities' content='ocr_page ocr_carea ocr_par ocr_line ocrx_word'/>
</head>
<body>
  <div class='ocr_page' id='page_1' title='image "./alexanderinindia00curtuoft_0185.png"; bbox 0 0 1563 2446; ppageno 0'>
   <div class='ocr_carea' id='block_1_1' title="bbox 587 132 1457 192">
    <p class='ocr_par' dir='ltr' id='par_1_1' title="bbox 587 132 1457 192">
     <span class='ocr_line' id='line_1_1' title="bbox 587 132 1457 192; baseline -0.002 -18"><span class='ocrx_word' id='word_1_1' title='bbox 587 135 909 174; x_wconf 74' lang='lat' dir='ltr'><em>APPENDJX</em></span> <span class='ocrx_word' id='word_1_2' title='bbox 939 132 990 172; x_wconf 84' lang='lat' dir='ltr'>A.</span> <span class='ocrx_word' id='word_1_3' title='bbox 1100 188 1105 192; x_wconf 82' lang='lat'>.</span> <span class='ocrx_word' id='word_1_4' title='bbox 1389 136 1457 172; x_wconf 84' lang='lat'>181</span> 
     </span>
    </p>
   </div>
   <div class='ocr_carea' id='block_1_2' title="bbox 122 220 1462 2198">
    <p class='ocr_par' dir='ltr' id='par_1_2' title="bbox 122 220 1462 2198">
     <span class='ocr_line' id='line_1_2' title="bbox 132 220 1460 268; baseline -0.005 -9"><span class='ocrx_word' id='word_1_5' title='bbox 132 226 218 259; x_wconf 84' lang='lat' dir='ltr'>ferae</span> <span class='ocrx_word' id='word_1_6' title='bbox 233 229 345 268; x_wconf 79' lang='lat' dir='ltr'><strong>gentes</strong></span> <span class='ocrx_word' id='word_1_7' title='bbox 362 225 489 257; x_wconf 86' lang='lat' dir='ltr'>fuerunt</span> <span class='ocrx_word' id='word_1_8' title='bbox 507 235 589 266; x_wconf 88' lang='lat' dir='ltr'>quae</span> <span class='ocrx_word' id='word_1_9' title='bbox 606 235 671 255; x_wconf 91' lang='lat' dir='ltr'>non</span> <span class='ocrx_word' id='word_1_10' title='bbox 689 224 914 255; x_wconf 84' lang='lat' dir='ltr'>Alexandrum</span> <span class='ocrx_word' id='word_1_11' title='bbox 931 223 1039 265; x_wconf 71' lang='lat' dir='ltr'>posito</span> <span class='ocrx_word' id='word_1_12' title='bbox 1062 232 1146 263; x_wconf 87' lang='lat' dir='ltr'>genu</span> <span class='ocrx_word' id='word_1_13' title='bbox 1170 220 1360 253; x_wconf 88' lang='lat' dir='ltr'>adorarint?</span> <span class='ocrx_word' id='word_1_14' title='bbox 1405 223 1460 263; x_wconf 85' lang='lat' dir='ltr'>qui</span> 
     </span>
     <span class='ocr_line' id='line_1_3' title="bbox 133 275 1462 319; baseline -0.004 -9"><span class='ocrx_word' id='word_1_15' title='bbox 133 285 199 310; x_wconf 87' lang='lat' dir='ltr'>tam</span> <span class='ocrx_word' id='word_1_16' title='bbox 221 279 343 310; x_wconf 85' lang='lat' dir='ltr'><strong>horridi</strong></span> <span class='ocrx_word' id='word_1_17' title='bbox 366 285 494 309; x_wconf 89' lang='lat' dir='ltr'>montes</span> <span class='ocrx_word' id='word_1_18' title='bbox 518 288 656 319; x_wconf 89' lang='lat' dir='ltr'>quorum</span> <span class='ocrx_word' id='word_1_19' title='bbox 686 287 753 308; x_wconf 90' lang='lat' dir='ltr'>non</span> <span class='ocrx_word' id='word_1_20' title='bbox 784 277 860 317; x_wconf 85' lang='lat' dir='ltr'>iuga</span> <span class='ocrx_word' id='word_1_21' title='bbox 889 277 993 308; x_wconf 88' lang='lat' dir='ltr'>uictor</span> <span class='ocrx_word' id='word_1_22' title='bbox 1017 276 1111 307; x_wconf 88' lang='lat' dir='ltr'>miles</span> <span class='ocrx_word' id='word_1_23' title='bbox 1138 275 1332 307; x_wconf 83' lang='lat' dir='ltr'>calcauerit?</span> <span class='ocrx_word' id='word_1_24' title='bbox 1375 275 1462 306; x_wconf 86' lang='lat' dir='ltr'>ultra</span> 
     </span>
     <span class='ocr_line' id='line_1_4' title="bbox 133 329 1458 374; baseline -0.003 -10"><span class='ocrx_word' id='word_1_25' title='bbox 133 333 242 364; x_wconf 86' lang='lat' dir='ltr'>Liberi</span> <span class='ocrx_word' id='word_1_26' title='bbox 257 333 357 374; x_wconf 82' lang='lat' dir='ltr'>patris</span> <span class='ocrx_word' id='word_1_27' title='bbox 373 338 506 374; x_wconf 82' lang='lat' dir='ltr'>tropaea</span> <span class='ocrx_word' id='word_1_28' title='bbox 521 331 735 363; x_wconf 87' lang='lat' dir='ltr'>constitimus.</span> <span class='ocrx_word' id='word_1_29' title='bbox 769 341 835 362; x_wconf 89' lang='lat' dir='ltr'>non</span> <span class='ocrx_word' id='word_1_30' title='bbox 851 331 1036 372; x_wconf 82' lang='lat' dir='ltr'>quaerimus</span> <span class='ocrx_word' id='word_1_31' title='bbox 1053 330 1176 368; x_wconf 87' lang='lat' dir='ltr'>orbem,</span> <span class='ocrx_word' id='word_1_32' title='bbox 1194 329 1251 361; x_wconf 89' lang='lat' dir='ltr'>sed</span> <span class='ocrx_word' id='word_1_33' title='bbox 1267 329 1458 361; x_wconf 85' lang='lat' dir='ltr'>amittimus.</span> 
     </span>
     <span class='ocr_line' id='line_1_5' title="bbox 131 384 1461 426; baseline -0.002 -10"><span class='ocrx_word' id='word_1_34' title='bbox 131 386 314 418; x_wconf 89' lang='lat' dir='ltr'>inmensum</span> <span class='ocrx_word' id='word_1_35' title='bbox 336 391 368 418; x_wconf 91' lang='lat' dir='ltr'>et</span> <span class='ocrx_word' id='word_1_36' title='bbox 390 386 555 417; x_wconf 81' lang='lat' dir='ltr'>humanae</span> <span class='ocrx_word' id='word_1_37' title='bbox 578 386 807 426; x_wconf 89' lang='lat' dir='ltr'>intemptatum</span> <span class='ocrx_word' id='word_1_38' title='bbox 832 385 1051 426; x_wconf 79' lang='lat' dir='ltr'>experientiae</span> <span class='ocrx_word' id='word_1_39' title='bbox 1078 384 1223 426; x_wconf 83' lang='lat' dir='ltr'>pelagus,</span> <span class='ocrx_word' id='word_1_40' title='bbox 1249 384 1348 414; x_wconf 90' lang='lat' dir='ltr'>totius</span> <span class='ocrx_word' id='word_1_41' title='bbox 1371 384 1461 415; x_wconf 80' lang='lat' dir='ltr'>orbis</span> 
     </span>
     <span class='ocr_line' id='line_1_6' title="bbox 131 438 1460 481; baseline -0.001 -12"><span class='ocrx_word' id='word_1_42' title='bbox 131 439 296 471; x_wconf 87' lang='lat' dir='ltr'>uinculum</span> <span class='ocrx_word' id='word_1_43' title='bbox 312 445 535 481; x_wconf 86' lang='lat' dir='ltr'>terrarumque</span> <span class='ocrx_word' id='word_1_44' title='bbox 558 439 715 477; x_wconf 86' lang='lat' dir='ltr'>custodia,</span> <span class='ocrx_word' id='word_1_45' title='bbox 735 438 892 479; x_wconf 79' lang='lat' dir='ltr'>inagitata</span> <span class='ocrx_word' id='word_1_46' title='bbox 915 439 1052 479; x_wconf 87' lang='lat' dir='ltr'>remigio</span> <span class='ocrx_word' id='word_1_47' title='bbox 1074 438 1219 476; x_wconf 85' lang='lat' dir='ltr'>uastitas,</span> <span class='ocrx_word' id='word_1_48' title='bbox 1241 438 1336 469; x_wconf 87' lang='lat' dir='ltr'>litora</span> <span class='ocrx_word' id='word_1_49' title='bbox 1360 438 1460 469; x_wconf 86' lang='lat' dir='ltr'>modo</span> 
     </span>
     <span class='ocr_line' id='line_1_7' title="bbox 131 491 1460 535; baseline -0.002 -11"><span class='ocrx_word' id='word_1_50' title='bbox 131 493 294 525; x_wconf 81' lang='lat' dir='ltr'>saeuiente</span> <span class='ocrx_word' id='word_1_51' title='bbox 320 493 420 525; x_wconf 86' lang='lat' dir='ltr'>fluctu</span> <span class='ocrx_word' id='word_1_52' title='bbox 451 493 605 535; x_wconf 88' lang='lat' dir='ltr'>inquieta,</span> <span class='ocrx_word' id='word_1_53' title='bbox 634 493 734 523; x_wconf 87' lang='lat' dir='ltr'>modo</span> <span class='ocrx_word' id='word_1_54' title='bbox 760 492 903 533; x_wconf 80' lang='lat' dir='ltr'>fugiente</span> <span class='ocrx_word' id='word_1_55' title='bbox 934 493 1083 524; x_wconf 87' lang='lat' dir='ltr'>deserta:</span> <span class='ocrx_word' id='word_1_56' title='bbox 1108 497 1191 523; x_wconf 89' lang='lat' dir='ltr'>tetra</span> <span class='ocrx_word' id='word_1_57' title='bbox 1213 492 1318 533; x_wconf 90' lang='lat' dir='ltr'>caligo</span> <span class='ocrx_word' id='word_1_58' title='bbox 1343 491 1460 523; x_wconf 83' lang='lat' dir='ltr'>fluctus</span> 
     </span>
     <span class='ocr_line' id='line_1_8' title="bbox 130 547 1459 590; baseline -0.002 -11"><span class='ocrx_word' id='word_1_59' title='bbox 130 547 249 588; x_wconf 85' lang='lat' dir='ltr'>premit</span> <span class='ocrx_word' id='word_1_60' title='bbox 265 553 296 579; x_wconf 90' lang='lat' dir='ltr'>et</span> <span class='ocrx_word' id='word_1_61' title='bbox 311 549 420 579; x_wconf 92' lang='lat' dir='ltr'>nescio</span> <span class='ocrx_word' id='word_1_62' title='bbox 436 549 492 590; x_wconf 90' lang='lat' dir='ltr'>qui</span> <span class='ocrx_word' id='word_1_63' title='bbox 508 548 597 590; x_wconf 89' lang='lat' dir='ltr'>quod</span> <span class='ocrx_word' id='word_1_64' title='bbox 620 548 770 579; x_wconf 88' lang='lat' dir='ltr'>humanis</span> <span class='ocrx_word' id='word_1_65' title='bbox 793 552 909 579; x_wconf 89' lang='lat' dir='ltr'>natura</span> <span class='ocrx_word' id='word_1_66' title='bbox 932 547 1086 578; x_wconf 85' lang='lat' dir='ltr'>subduxit</span> <span class='ocrx_word' id='word_1_67' title='bbox 1110 547 1212 577; x_wconf 89' lang='lat' dir='ltr'>oculis</span> <span class='ocrx_word' id='word_1_68' title='bbox 1235 552 1370 578; x_wconf 89' lang='lat' dir='ltr'>aeterna</span> <span class='ocrx_word' id='word_1_69' title='bbox 1393 557 1459 577; x_wconf 91' lang='lat' dir='ltr'>nox</span> 
     </span>
     <span class='ocr_line' id='line_1_9' title="bbox 130 601 1459 642; baseline 0 -10"><span class='ocrx_word' id='word_1_70' title='bbox 130 602 249 632; x_wconf 88' lang='lat' dir='ltr'>obruit.</span> <span class='ocrx_word' id='word_1_71' title='bbox 296 602 435 633; x_wconf 76' lang='lat' dir='ltr'>MVSAE.</span> <span class='ocrx_word' id='word_1_72' title='bbox 485 602 581 633; x_wconf 89' lang='lat' dir='ltr'>foeda</span> <span class='ocrx_word' id='word_1_73' title='bbox 607 601 777 632; x_wconf 86' lang='lat' dir='ltr'>beluarum</span> <span class='ocrx_word' id='word_1_74' title='bbox 804 601 997 642; x_wconf 82' lang='lat' dir='ltr'>magnitudo</span> <span class='ocrx_word' id='word_1_75' title='bbox 1022 607 1053 632; x_wconf 90' lang='lat' dir='ltr'>et</span> <span class='ocrx_word' id='word_1_76' title='bbox 1077 601 1236 632; x_wconf 87' lang='lat' dir='ltr'>inmobile</span> <span class='ocrx_word' id='word_1_77' title='bbox 1259 601 1459 642; x_wconf 89' lang='lat' dir='ltr'>profundum</span> 
     </span>
     <span class='ocr_line' id='line_1_10' title="bbox 130 655 1457 696; baseline -0.001 -10"><span class='ocrx_word' id='word_1_78' title='bbox 130 660 298 694; x_wconf 80' lang='lat' dir='ltr'>testantur,</span> <span class='ocrx_word' id='word_1_79' title='bbox 312 656 510 694; x_wconf 82' lang='lat' dir='ltr'>Alexander,</span> <span class='ocrx_word' id='word_1_80' title='bbox 527 655 607 686; x_wconf 88' lang='lat' dir='ltr'>nihil</span> <span class='ocrx_word' id='word_1_81' title='bbox 623 655 707 686; x_wconf 87' lang='lat' dir='ltr'>ultra</span> <span class='ocrx_word' id='word_1_82' title='bbox 723 666 792 686; x_wconf 78' lang='lat' dir='ltr'>esse</span> <span class='ocrx_word' id='word_1_83' title='bbox 809 656 897 696; x_wconf 90' lang='lat' dir='ltr'>quod</span> <span class='ocrx_word' id='word_1_84' title='bbox 914 655 1043 687; x_wconf 87' lang='lat' dir='ltr'>uineas:</span> <span class='ocrx_word' id='word_1_85' title='bbox 1061 661 1237 687; x_wconf 89' lang='lat' dir='ltr'>reuertere.</span> <span class='ocrx_word' id='word_1_86' title='bbox 1271 663 1287 693; x_wconf 84' lang='lat'>3</span> <span class='ocrx_word' id='word_1_87' title='bbox 1313 656 1457 687; x_wconf 80' lang='lat' dir='ltr'>ALBVCI</span> 
     </span>
     <span class='ocr_line' id='line_1_11' title="bbox 130 710 1458 751; baseline 0.001 -11"><span class='ocrx_word' id='word_1_88' title='bbox 130 710 218 741; x_wconf 80' lang='lat' dir='ltr'>SILI.</span> <span class='ocrx_word' id='word_1_89' title='bbox 266 715 371 741; x_wconf 86' lang='lat' dir='ltr'>terrae</span> <span class='ocrx_word' id='word_1_90' title='bbox 388 721 517 751; x_wconf 86' lang='lat' dir='ltr'>quoque</span> <span class='ocrx_word' id='word_1_91' title='bbox 533 721 625 741; x_wconf 90' lang='lat' dir='ltr'>suum</span> <span class='ocrx_word' id='word_1_92' title='bbox 640 710 739 740; x_wconf 84' lang='lat' dir='ltr'>finem</span> <span class='ocrx_word' id='word_1_93' title='bbox 755 710 878 741; x_wconf 88' lang='lat' dir='ltr'>habent</span> <span class='ocrx_word' id='word_1_94' title='bbox 895 716 926 741; x_wconf 92' lang='lat' dir='ltr'>et</span> <span class='ocrx_word' id='word_1_95' title='bbox 943 711 1043 751; x_wconf 81' lang='lat' dir='ltr'>ipsius</span> <span class='ocrx_word' id='word_1_96' title='bbox 1059 711 1173 741; x_wconf 90' lang='lat' dir='ltr'>mundi</span> <span class='ocrx_word' id='word_1_97' title='bbox 1191 710 1308 751; x_wconf 89' lang='lat' dir='ltr'>aliquis</span> <span class='ocrx_word' id='word_1_98' title='bbox 1324 721 1458 742; x_wconf 84' lang='lat' dir='ltr'>occasus</span> 
     </span>
     <span class='ocr_line' id='line_1_12' title="bbox 129 761 1457 804; baseline 0.002 -12"><span class='ocrx_word' id='word_1_99' title='bbox 129 766 196 798; x_wconf 84' lang='lat' dir='ltr'>est;</span> <span class='ocrx_word' id='word_1_100' title='bbox 225 761 306 793; x_wconf 86' lang='lat' dir='ltr'>nihil</span> <span class='ocrx_word' id='word_1_101' title='bbox 331 762 493 793; x_wconf 84' lang='lat' dir='ltr'>infinitum</span> <span class='ocrx_word' id='word_1_102' title='bbox 521 769 581 794; x_wconf 84' lang='lat' dir='ltr'>est:</span> <span class='ocrx_word' id='word_1_103' title='bbox 614 763 750 793; x_wconf 86' lang='lat' dir='ltr'>modum</span> <span class='ocrx_word' id='word_1_104' title='bbox 780 762 999 803; x_wconf 82' lang='lat' dir='ltr'>magnitudini</span> <span class='ocrx_word' id='word_1_105' title='bbox 1027 763 1132 793; x_wconf 89' lang='lat' dir='ltr'>facere</span> <span class='ocrx_word' id='word_1_106' title='bbox 1163 763 1273 801; x_wconf 89' lang='lat' dir='ltr'>debes,</span> <span class='ocrx_word' id='word_1_107' title='bbox 1301 763 1457 804; x_wconf 89' lang='lat' dir='ltr'>quoniam</span> 
     </span>
     <span class='ocr_line' id='line_1_13' title="bbox 127 813 1458 856; baseline 0.002 -11"><span class='ocrx_word' id='word_1_108' title='bbox 127 813 257 845; x_wconf 82' lang='lat' dir='ltr'>fortuna</span> <span class='ocrx_word' id='word_1_109' title='bbox 272 825 338 846; x_wconf 90' lang='lat' dir='ltr'>non</span> <span class='ocrx_word' id='word_1_110' title='bbox 354 815 441 846; x_wconf 85' lang='lat' dir='ltr'>facit.</span> <span class='ocrx_word' id='word_1_111' title='bbox 472 816 583 856; x_wconf 85' lang='lat' dir='ltr'>magni</span> <span class='ocrx_word' id='word_1_112' title='bbox 599 816 739 856; x_wconf 84' lang='lat' dir='ltr'>pectoris</span> <span class='ocrx_word' id='word_1_113' title='bbox 756 821 803 846; x_wconf 87' lang='lat' dir='ltr'>est</span> <span class='ocrx_word' id='word_1_114' title='bbox 820 816 903 847; x_wconf 86' lang='lat' dir='ltr'>inter</span> <span class='ocrx_word' id='word_1_115' title='bbox 919 817 1062 847; x_wconf 88' lang='lat' dir='ltr'>secunda</span> <span class='ocrx_word' id='word_1_116' title='bbox 1078 816 1269 847; x_wconf 82' lang='lat' dir='ltr'>moderatio.</span> <span class='ocrx_word' id='word_1_117' title='bbox 1315 817 1458 847; x_wconf 88' lang='lat' dir='ltr'>eundem</span> 
     </span>
     <span class='ocr_line' id='line_1_14' title="bbox 129 867 1457 910; baseline 0.002 -12"><span class='ocrx_word' id='word_1_118' title='bbox 129 867 258 898; x_wconf 86' lang='lat' dir='ltr'>fortuna</span> <span class='ocrx_word' id='word_1_119' title='bbox 273 868 428 899; x_wconf 86' lang='lat' dir='ltr'>uictoriae</span> <span class='ocrx_word' id='word_1_120' title='bbox 444 873 519 899; x_wconf 92' lang='lat' dir='ltr'>tuae</span> <span class='ocrx_word' id='word_1_121' title='bbox 535 879 633 910; x_wconf 88' lang='lat' dir='ltr'>quem</span> <span class='ocrx_word' id='word_1_122' title='bbox 647 874 782 899; x_wconf 86' lang='lat' dir='ltr'>naturae</span> <span class='ocrx_word' id='word_1_123' title='bbox 806 869 905 900; x_wconf 87' lang='lat' dir='ltr'>finem</span> <span class='ocrx_word' id='word_1_124' title='bbox 921 869 1014 900; x_wconf 89' lang='lat' dir='ltr'>facit:</span> <span class='ocrx_word' id='word_1_125' title='bbox 1039 870 1213 910; x_wconf 87' lang='lat' dir='ltr'>imperium</span> <span class='ocrx_word' id='word_1_126' title='bbox 1240 875 1332 900; x_wconf 88' lang='lat' dir='ltr'>tuum</span> <span class='ocrx_word' id='word_1_127' title='bbox 1355 870 1457 901; x_wconf 90' lang='lat' dir='ltr'>cludit</span> 
     </span>
     <span class='ocr_line' id='line_1_15' title="bbox 130 922 1457 965; baseline 0.002 -12"><span class='ocrx_word' id='word_1_128' title='bbox 130 922 291 953; x_wconf 87' lang='lat' dir='ltr'>Oceanus.</span> <span class='ocrx_word' id='word_1_129' title='bbox 323 933 342 953; x_wconf 93' lang='lat' dir='ltr'>o</span> <span class='ocrx_word' id='word_1_130' title='bbox 358 928 516 963; x_wconf 88' lang='lat' dir='ltr'>quantum</span> <span class='ocrx_word' id='word_1_131' title='bbox 533 923 725 963; x_wconf 80' lang='lat' dir='ltr'>magnitudo</span> <span class='ocrx_word' id='word_1_132' title='bbox 742 929 796 954; x_wconf 87' lang='lat' dir='ltr'>tua</span> <span class='ocrx_word' id='word_1_133' title='bbox 813 934 920 954; x_wconf 86' lang='lat' dir='ltr'>rerum</span> <span class='ocrx_word' id='word_1_134' title='bbox 937 934 1067 965; x_wconf 89' lang='lat' dir='ltr'>quoque</span> <span class='ocrx_word' id='word_1_135' title='bbox 1083 930 1232 955; x_wconf 82' lang='lat' dir='ltr'>naturam</span> <span class='ocrx_word' id='word_1_136' title='bbox 1249 935 1457 965; x_wconf 80' lang='lat' dir='ltr'>supergressa</span> 
     </span>
     <span class='ocr_line' id='line_1_16' title="bbox 128 975 1457 1020; baseline 0.002 -13"><span class='ocrx_word' id='word_1_137' title='bbox 128 981 175 1007; x_wconf 85' lang='lat' dir='ltr'>est</span> <span class='ocrx_word' id='word_1_138' title='bbox 191 977 198 1006; x_wconf 79' lang='lat' dir='ltr'>l</span> <span class='ocrx_word' id='word_1_139' title='bbox 243 975 432 1006; x_wconf 85' lang='lat' dir='ltr'>Alexander</span> <span class='ocrx_word' id='word_1_140' title='bbox 447 976 517 1006; x_wconf 91' lang='lat' dir='ltr'>orbi</span> <span class='ocrx_word' id='word_1_141' title='bbox 535 986 671 1017; x_wconf 89' lang='lat' dir='ltr'>magnus</span> <span class='ocrx_word' id='word_1_142' title='bbox 687 982 744 1014; x_wconf 88' lang='lat' dir='ltr'>est,</span> <span class='ocrx_word' id='word_1_143' title='bbox 767 977 961 1008; x_wconf 85' lang='lat' dir='ltr'>Alexandro</span> <span class='ocrx_word' id='word_1_144' title='bbox 978 978 1065 1009; x_wconf 91' lang='lat' dir='ltr'>orbis</span> <span class='ocrx_word' id='word_1_145' title='bbox 1082 984 1238 1019; x_wconf 86' lang='lat' dir='ltr'>angustus</span> <span class='ocrx_word' id='word_1_146' title='bbox 1255 984 1315 1009; x_wconf 87' lang='lat' dir='ltr'>est.</span> <span class='ocrx_word' id='word_1_147' title='bbox 1339 979 1457 1020; x_wconf 82' lang='lat' dir='ltr'>aliquis</span> 
     </span>
     <span class='ocr_line' id='line_1_17' title="bbox 128 1031 1452 1074; baseline 0.002 -13"><span class='ocrx_word' id='word_1_148' title='bbox 128 1031 228 1062; x_wconf 89' lang='lat' dir='ltr'>etiam</span> <span class='ocrx_word' id='word_1_149' title='bbox 253 1031 472 1072; x_wconf 81' lang='lat' dir='ltr'>magnitudini</span> <span class='ocrx_word' id='word_1_150' title='bbox 494 1032 610 1062; x_wconf 91' lang='lat' dir='ltr'>modus</span> <span class='ocrx_word' id='word_1_151' title='bbox 632 1036 698 1062; x_wconf 82' lang='lat' dir='ltr'>est:</span> <span class='ocrx_word' id='word_1_152' title='bbox 723 1042 789 1062; x_wconf 90' lang='lat' dir='ltr'>non</span> <span class='ocrx_word' id='word_1_153' title='bbox 816 1033 965 1073; x_wconf 86' lang='lat' dir='ltr'>procedit</span> <span class='ocrx_word' id='word_1_154' title='bbox 992 1033 1078 1063; x_wconf 85' lang='lat' dir='ltr'>ultra</span> <span class='ocrx_word' id='word_1_155' title='bbox 1104 1033 1211 1074; x_wconf 90' lang='lat' dir='ltr'>spatia</span> <span class='ocrx_word' id='word_1_156' title='bbox 1231 1043 1289 1064; x_wconf 88' lang='lat' dir='ltr'>sua</span> <span class='ocrx_word' id='word_1_157' title='bbox 1315 1034 1452 1070; x_wconf 87' lang='lat' dir='ltr'>caelum,</span> 
     </span>
     <span class='ocr_line' id='line_1_18' title="bbox 127 1085 1457 1128; baseline 0.002 -13"><span class='ocrx_word' id='word_1_158' title='bbox 127 1085 230 1116; x_wconf 83' lang='lat' dir='ltr'>maria.</span> <span class='ocrx_word' id='word_1_159' title='bbox 252 1085 337 1116; x_wconf 90' lang='lat' dir='ltr'>intra</span> <span class='ocrx_word' id='word_1_160' title='bbox 359 1085 515 1116; x_wconf 91' lang='lat' dir='ltr'>terminos</span> <span class='ocrx_word' id='word_1_161' title='bbox 538 1095 614 1116; x_wconf 84' lang='lat' dir='ltr'>suos</span> <span class='ocrx_word' id='word_1_162' title='bbox 637 1086 811 1126; x_wconf 80' lang='lat' dir='ltr'>agitantur.</span> <span class='ocrx_word' id='word_1_163' title='bbox 858 1087 1018 1128; x_wconf 90' lang='lat' dir='ltr'>quidquid</span> <span class='ocrx_word' id='word_1_164' title='bbox 1048 1087 1091 1118; x_wconf 85' lang='lat' dir='ltr'>ad</span> <span class='ocrx_word' id='word_1_165' title='bbox 1121 1097 1285 1118; x_wconf 90' lang='lat' dir='ltr'>summum</span> <span class='ocrx_word' id='word_1_166' title='bbox 1308 1088 1457 1128; x_wconf 85' lang='lat' dir='ltr'>peruenit</span> 
     </span>
     <span class='ocr_line' id='line_1_19' title="bbox 127 1136 1454 1179; baseline 0.001 -11"><span class='ocrx_word' id='word_1_167' title='bbox 127 1136 328 1168; x_wconf 89' lang='lat' dir='ltr'>incremento</span> <span class='ocrx_word' id='word_1_168' title='bbox 343 1147 409 1167; x_wconf 92' lang='lat' dir='ltr'>non</span> <span class='ocrx_word' id='word_1_169' title='bbox 422 1137 552 1177; x_wconf 88' lang='lat' dir='ltr'>reliquit</span> <span class='ocrx_word' id='word_1_170' title='bbox 568 1137 688 1167; x_wconf 87' lang='lat' dir='ltr'>locum.</span> <span class='ocrx_word' id='word_1_171' title='bbox 727 1148 794 1168; x_wconf 90' lang='lat' dir='ltr'>non</span> <span class='ocrx_word' id='word_1_172' title='bbox 810 1139 914 1178; x_wconf 86' lang='lat' dir='ltr'>magis</span> <span class='ocrx_word' id='word_1_173' title='bbox 931 1138 1111 1179; x_wconf 82' lang='lat' dir='ltr'>quidquam</span> <span class='ocrx_word' id='word_1_174' title='bbox 1127 1138 1213 1169; x_wconf 91' lang='lat' dir='ltr'>ultra</span> <span class='ocrx_word' id='word_1_175' title='bbox 1230 1138 1454 1169; x_wconf 85' lang='lat' dir='ltr'>Alexandrum</span> 
     </span>
     <span class='ocr_line' id='line_1_20' title="bbox 127 1191 1456 1234; baseline 0.001 -12"><span class='ocrx_word' id='word_1_176' title='bbox 127 1192 277 1223; x_wconf 89' lang='lat' dir='ltr'>nouimus</span> <span class='ocrx_word' id='word_1_177' title='bbox 293 1202 390 1232; x_wconf 89' lang='lat' dir='ltr'>quam</span> <span class='ocrx_word' id='word_1_178' title='bbox 406 1191 490 1221; x_wconf 84' lang='lat' dir='ltr'>ultra</span> <span class='ocrx_word' id='word_1_179' title='bbox 515 1191 695 1222; x_wconf 88' lang='lat' dir='ltr'>Oceanum.</span> <span class='ocrx_word' id='word_1_180' title='bbox 742 1192 918 1224; x_wconf 71' lang='lat' dir='ltr'>MARILLI.</span> <span class='ocrx_word' id='word_1_181' title='bbox 967 1193 1070 1224; x_wconf 86' lang='lat' dir='ltr'>maria</span> <span class='ocrx_word' id='word_1_182' title='bbox 1092 1193 1269 1234; x_wconf 87' lang='lat' dir='ltr'>sequimur,</span> <span class='ocrx_word' id='word_1_183' title='bbox 1286 1197 1388 1223; x_wconf 89' lang='lat' dir='ltr'>terras</span> <span class='ocrx_word' id='word_1_184' title='bbox 1404 1193 1456 1224; x_wconf 90' lang='lat' dir='ltr'>cui</span> 
     </span>
     <span class='ocr_line' id='line_1_21' title="bbox 127 1246 1454 1288; baseline 0.001 -12"><span class='ocrx_word' id='word_1_185' title='bbox 127 1246 305 1277; x_wconf 85' lang='lat' dir='ltr'>tradimus?</span> <span class='ocrx_word' id='word_1_186' title='bbox 349 1247 462 1277; x_wconf 88' lang='lat' dir='ltr'>orbem</span> <span class='ocrx_word' id='word_1_187' title='bbox 479 1257 576 1287; x_wconf 89' lang='lat' dir='ltr'>quem</span> <span class='ocrx_word' id='word_1_188' title='bbox 592 1257 659 1277; x_wconf 91' lang='lat' dir='ltr'>non</span> <span class='ocrx_word' id='word_1_189' title='bbox 674 1247 751 1277; x_wconf 90' lang='lat' dir='ltr'>noui</span> <span class='ocrx_word' id='word_1_190' title='bbox 767 1257 898 1287; x_wconf 87' lang='lat' dir='ltr'>quaero,</span> <span class='ocrx_word' id='word_1_191' title='bbox 919 1258 1017 1288; x_wconf 82' lang='lat' dir='ltr'>quem</span> <span class='ocrx_word' id='word_1_192' title='bbox 1033 1247 1096 1278; x_wconf 87' lang='lat' dir='ltr'>uici</span> <span class='ocrx_word' id='word_1_193' title='bbox 1114 1247 1274 1287; x_wconf 88' lang='lat' dir='ltr'>relinquo.</span> <span class='ocrx_word' id='word_1_194' title='bbox 1320 1259 1340 1286; x_wconf 87' lang='lat'>4</span> <span class='ocrx_word' id='word_1_195' title='bbox 1387 1246 1454 1277; x_wconf 76' lang='lat' dir='ltr'>FA—</span> 
     </span>
     <span class='ocr_line' id='line_1_22' title="bbox 128 1299 1456 1341; baseline 0.001 -11"><span class='ocrx_word' id='word_1_196' title='bbox 128 1307 242 1330; x_wconf 76' lang='lat' dir='ltr'>BIANI.</span> <span class='ocrx_word' id='word_1_197' title='bbox 288 1299 391 1341; x_wconf 89' lang='lat' dir='ltr'>quid?</span> <span class='ocrx_word' id='word_1_198' title='bbox 415 1302 477 1330; x_wconf 90' lang='lat' dir='ltr'>ista</span> <span class='ocrx_word' id='word_1_199' title='bbox 507 1305 576 1331; x_wconf 92' lang='lat' dir='ltr'>toto</span> <span class='ocrx_word' id='word_1_200' title='bbox 600 1300 718 1341; x_wconf 85' lang='lat' dir='ltr'>pelago</span> <span class='ocrx_word' id='word_1_201' title='bbox 747 1301 855 1331; x_wconf 88' lang='lat' dir='ltr'>infusa</span> <span class='ocrx_word' id='word_1_202' title='bbox 879 1302 985 1341; x_wconf 90' lang='lat' dir='ltr'>caligo</span> <span class='ocrx_word' id='word_1_203' title='bbox 1009 1301 1219 1341; x_wconf 85' lang='lat' dir='ltr'>nauigantem</span> <span class='ocrx_word' id='word_1_204' title='bbox 1246 1300 1302 1330; x_wconf 89' lang='lat' dir='ltr'>tibi</span> <span class='ocrx_word' id='word_1_205' title='bbox 1326 1300 1456 1331; x_wconf 83' lang='lat' dir='ltr'>uidetur</span> 
     </span>
     <span class='ocr_line' id='line_1_23' title="bbox 127 1351 1454 1393; baseline 0.002 -11"><span class='ocrx_word' id='word_1_206' title='bbox 127 1351 309 1388; x_wconf 87' lang='lat' dir='ltr'>admittere,</span> <span class='ocrx_word' id='word_1_207' title='bbox 334 1362 418 1393; x_wconf 89' lang='lat' dir='ltr'>quae</span> <span class='ocrx_word' id='word_1_208' title='bbox 441 1352 695 1392; x_wconf 86' lang='lat' dir='ltr'>prospicientem</span> <span class='ocrx_word' id='word_1_209' title='bbox 719 1362 849 1393; x_wconf 90' lang='lat' dir='ltr'>quoque</span> <span class='ocrx_word' id='word_1_210' title='bbox 873 1353 1041 1384; x_wconf 84' lang='lat' dir='ltr'>excludit?</span> <span class='ocrx_word' id='word_1_211' title='bbox 1086 1364 1153 1384; x_wconf 89' lang='lat' dir='ltr'>non</span> <span class='ocrx_word' id='word_1_212' title='bbox 1176 1353 1257 1384; x_wconf 87' lang='lat' dir='ltr'>haec</span> <span class='ocrx_word' id='word_1_213' title='bbox 1286 1353 1383 1383; x_wconf 90' lang='lat' dir='ltr'>India</span> <span class='ocrx_word' id='word_1_214' title='bbox 1406 1358 1454 1384; x_wconf 85' lang='lat' dir='ltr'>est</span> 
     </span>
     <span class='ocr_line' id='line_1_24' title="bbox 125 1405 1454 1446; baseline 0.001 -11"><span class='ocrx_word' id='word_1_215' title='bbox 125 1415 186 1436; x_wconf 91' lang='lat' dir='ltr'>nec</span> <span class='ocrx_word' id='word_1_216' title='bbox 201 1405 340 1436; x_wconf 89' lang='lat' dir='ltr'>ferarum</span> <span class='ocrx_word' id='word_1_217' title='bbox 364 1405 516 1435; x_wconf 89' lang='lat' dir='ltr'>terribilis</span> <span class='ocrx_word' id='word_1_218' title='bbox 538 1405 594 1436; x_wconf 89' lang='lat' dir='ltr'>ille</span> <span class='ocrx_word' id='word_1_219' title='bbox 617 1411 806 1436; x_wconf 91' lang='lat' dir='ltr'>conuentus.</span> <span class='ocrx_word' id='word_1_220' title='bbox 856 1405 1004 1436; x_wconf 87' lang='lat' dir='ltr'>inmanes</span> <span class='ocrx_word' id='word_1_221' title='bbox 1028 1416 1177 1446; x_wconf 80' lang='lat' dir='ltr'>propone</span> <span class='ocrx_word' id='word_1_222' title='bbox 1200 1406 1323 1443; x_wconf 82' lang='lat' dir='ltr'>beluas,</span> <span class='ocrx_word' id='word_1_223' title='bbox 1344 1405 1454 1446; x_wconf 81' lang='lat' dir='ltr'>aspice</span> 
     </span>
     <span class='ocr_line' id='line_1_25' title="bbox 125 1459 1454 1501; baseline 0.002 -12"><span class='ocrx_word' id='word_1_224' title='bbox 125 1459 242 1500; x_wconf 90' lang='lat' dir='ltr'>quibus</span> <span class='ocrx_word' id='word_1_225' title='bbox 259 1459 410 1500; x_wconf 88' lang='lat' dir='ltr'>procellis</span> <span class='ocrx_word' id='word_1_226' title='bbox 427 1459 642 1500; x_wconf 86' lang='lat' dir='ltr'>fluctibusque</span> <span class='ocrx_word' id='word_1_227' title='bbox 659 1460 792 1495; x_wconf 81' lang='lat' dir='ltr'>saeuiat,</span> <span class='ocrx_word' id='word_1_228' title='bbox 810 1470 891 1501; x_wconf 83' lang='lat' dir='ltr'>quas</span> <span class='ocrx_word' id='word_1_229' title='bbox 907 1461 949 1491; x_wconf 86' lang='lat' dir='ltr'>ad</span> <span class='ocrx_word' id='word_1_230' title='bbox 966 1461 1062 1491; x_wconf 84' lang='lat' dir='ltr'>litora</span> <span class='ocrx_word' id='word_1_231' title='bbox 1084 1461 1189 1491; x_wconf 87' lang='lat' dir='ltr'>undas</span> <span class='ocrx_word' id='word_1_232' title='bbox 1213 1466 1299 1500; x_wconf 86' lang='lat' dir='ltr'>agat.</span> <span class='ocrx_word' id='word_1_233' title='bbox 1346 1465 1454 1491; x_wconf 87' lang='lat' dir='ltr'>tantus</span> 
     </span>
     <span class='ocr_line' id='line_1_26' title="bbox 125 1515 1453 1551; baseline 0.001 -7"><span class='ocrx_word' id='word_1_234' title='bbox 125 1518 297 1544; x_wconf 88' lang='lat' dir='ltr'>uentorum</span> <span class='ocrx_word' id='word_1_235' title='bbox 321 1524 505 1549; x_wconf 83' lang='lat' dir='ltr'>concursus,</span> <span class='ocrx_word' id='word_1_236' title='bbox 533 1519 625 1544; x_wconf 86' lang='lat' dir='ltr'>tanta</span> <span class='ocrx_word' id='word_1_237' title='bbox 651 1515 798 1545; x_wconf 82' lang='lat' dir='ltr'>conuulsi</span> <span class='ocrx_word' id='word_1_238' title='bbox 824 1515 967 1546; x_wconf 83' lang='lat' dir='ltr'>funditus</span> <span class='ocrx_word' id='word_1_239' title='bbox 994 1516 1092 1546; x_wconf 83' lang='lat' dir='ltr'>maris</span> <span class='ocrx_word' id='word_1_240' title='bbox 1118 1515 1244 1546; x_wconf 88' lang='lat' dir='ltr'>insania</span> <span class='ocrx_word' id='word_1_241' title='bbox 1268 1520 1335 1551; x_wconf 84' lang='lat' dir='ltr'>est;</span> <span class='ocrx_word' id='word_1_242' title='bbox 1363 1515 1453 1546; x_wconf 86' lang='lat' dir='ltr'>nulla</span> 
     </span>
     <span class='ocr_line' id='line_1_27' title="bbox 124 1568 1452 1609; baseline 0.002 -11"><span class='ocrx_word' id='word_1_243' title='bbox 124 1577 279 1608; x_wconf 85' lang='lat' dir='ltr'>praesens</span> <span class='ocrx_word' id='word_1_244' title='bbox 297 1568 526 1609; x_wconf 86' lang='lat' dir='ltr'>nauigantibus</span> <span class='ocrx_word' id='word_1_245' title='bbox 553 1569 650 1600; x_wconf 89' lang='lat' dir='ltr'>statio</span> <span class='ocrx_word' id='word_1_246' title='bbox 675 1574 733 1606; x_wconf 87' lang='lat' dir='ltr'>est,</span> <span class='ocrx_word' id='word_1_247' title='bbox 758 1569 840 1599; x_wconf 86' lang='lat' dir='ltr'>nihil</span> <span class='ocrx_word' id='word_1_248' title='bbox 868 1570 1018 1607; x_wconf 85' lang='lat' dir='ltr'>salutare,</span> <span class='ocrx_word' id='word_1_249' title='bbox 1039 1570 1120 1600; x_wconf 86' lang='lat' dir='ltr'>nihil</span> <span class='ocrx_word' id='word_1_250' title='bbox 1145 1575 1278 1600; x_wconf 89' lang='lat' dir='ltr'>notum:</span> <span class='ocrx_word' id='word_1_251' title='bbox 1306 1569 1396 1600; x_wconf 87' lang='lat' dir='ltr'>rudis</span> <span class='ocrx_word' id='word_1_252' title='bbox 1420 1575 1452 1600; x_wconf 90' lang='lat' dir='ltr'>et</span> 
     </span>
     <span class='ocr_line' id='line_1_28' title="bbox 124 1622 1452 1665; baseline 0.002 -12"><span class='ocrx_word' id='word_1_253' title='bbox 124 1622 304 1663; x_wconf 83' lang='lat' dir='ltr'>inperfecta</span> <span class='ocrx_word' id='word_1_254' title='bbox 318 1627 433 1653; x_wconf 86' lang='lat' dir='ltr'>natura</span> <span class='ocrx_word' id='word_1_255' title='bbox 448 1623 577 1664; x_wconf 84' lang='lat' dir='ltr'>penitus</span> <span class='ocrx_word' id='word_1_256' title='bbox 594 1623 734 1655; x_wconf 85' lang='lat' dir='ltr'>recessit.</span> <span class='ocrx_word' id='word_1_257' title='bbox 785 1623 847 1654; x_wconf 91' lang='lat' dir='ltr'>ista</span> <span class='ocrx_word' id='word_1_258' title='bbox 870 1624 972 1654; x_wconf 88' lang='lat' dir='ltr'>maria</span> <span class='ocrx_word' id='word_1_259' title='bbox 994 1634 1035 1654; x_wconf 91' lang='lat' dir='ltr'>ne</span> <span class='ocrx_word' id='word_1_260' title='bbox 1059 1624 1107 1654; x_wconf 88' lang='lat' dir='ltr'>illi</span> <span class='ocrx_word' id='word_1_261' title='bbox 1131 1624 1264 1665; x_wconf 88' lang='lat' dir='ltr'>quidem</span> <span class='ocrx_word' id='word_1_262' title='bbox 1288 1624 1452 1665; x_wconf 87' lang='lat' dir='ltr'>petierunt</span> 
     </span>
     <span class='ocr_line' id='line_1_29' title="bbox 125 1674 1452 1718; baseline 0.001 -12"><span class='ocrx_word' id='word_1_263' title='bbox 125 1675 180 1716; x_wconf 90' lang='lat' dir='ltr'>qui</span> <span class='ocrx_word' id='word_1_264' title='bbox 205 1674 372 1716; x_wconf 84' lang='lat' dir='ltr'>fugiebant</span> <span class='ocrx_word' id='word_1_265' title='bbox 396 1677 632 1707; x_wconf 83' lang='lat' dir='ltr'>Alexandrum.</span> <span class='ocrx_word' id='word_1_266' title='bbox 679 1687 805 1708; x_wconf 86' lang='lat' dir='ltr'>sacrum</span> <span class='ocrx_word' id='word_1_267' title='bbox 829 1677 962 1718; x_wconf 90' lang='lat' dir='ltr'>quidem</span> <span class='ocrx_word' id='word_1_268' title='bbox 985 1677 1078 1708; x_wconf 87' lang='lat' dir='ltr'>terris</span> <span class='ocrx_word' id='word_1_269' title='bbox 1105 1682 1221 1707; x_wconf 87' lang='lat' dir='ltr'>natura</span> <span class='ocrx_word' id='word_1_270' title='bbox 1245 1676 1452 1708; x_wconf 87' lang='lat' dir='ltr'>circumfudit</span> 
     </span>
     <span class='ocr_line' id='line_1_30' title="bbox 126 1729 1452 1771; baseline 0.001 -11"><span class='ocrx_word' id='word_1_271' title='bbox 126 1730 307 1760; x_wconf 89' lang='lat' dir='ltr'>Oceanum.</span> <span class='ocrx_word' id='word_1_272' title='bbox 355 1729 403 1760; x_wconf 92' lang='lat' dir='ltr'>illi</span> <span class='ocrx_word' id='word_1_273' title='bbox 419 1730 473 1771; x_wconf 90' lang='lat' dir='ltr'>qui</span> <span class='ocrx_word' id='word_1_274' title='bbox 490 1731 588 1761; x_wconf 79' lang='lat' dir='ltr'>etiam</span> <span class='ocrx_word' id='word_1_275' title='bbox 608 1730 750 1761; x_wconf 87' lang='lat' dir='ltr'>siderum</span> <span class='ocrx_word' id='word_1_276' title='bbox 775 1731 975 1771; x_wconf 90' lang='lat' dir='ltr'>collegerunt</span> <span class='ocrx_word' id='word_1_277' title='bbox 1000 1736 1103 1762; x_wconf 86' lang='lat' dir='ltr'>metas</span> <span class='ocrx_word' id='word_1_278' title='bbox 1131 1736 1162 1761; x_wconf 91' lang='lat' dir='ltr'>et</span> <span class='ocrx_word' id='word_1_279' title='bbox 1187 1741 1311 1761; x_wconf 90' lang='lat' dir='ltr'>annuas</span> <span class='ocrx_word' id='word_1_280' title='bbox 1335 1731 1452 1762; x_wconf 77' lang='lat' dir='ltr'>hiemis</span> 
     </span>
     <span class='ocr_line' id='line_1_31' title="bbox 124 1783 1452 1824; baseline 0.001 -11"><span class='ocrx_word' id='word_1_281' title='bbox 124 1788 222 1824; x_wconf 88' lang='lat' dir='ltr'>atque</span> <span class='ocrx_word' id='word_1_282' title='bbox 243 1783 374 1814; x_wconf 88' lang='lat' dir='ltr'>aestatis</span> <span class='ocrx_word' id='word_1_283' title='bbox 403 1783 491 1814; x_wconf 87' lang='lat' dir='ltr'>uices</span> <span class='ocrx_word' id='word_1_284' title='bbox 521 1784 562 1814; x_wconf 91' lang='lat' dir='ltr'>ad</span> <span class='ocrx_word' id='word_1_285' title='bbox 595 1789 716 1814; x_wconf 88' lang='lat' dir='ltr'>certam</span> <span class='ocrx_word' id='word_1_286' title='bbox 747 1784 854 1824; x_wconf 88' lang='lat' dir='ltr'>legem</span> <span class='ocrx_word' id='word_1_287' title='bbox 884 1784 1089 1824; x_wconf 72' lang='lat' dir='ltr'>redegerunt,</span> <span class='ocrx_word' id='word_1_288' title='bbox 1114 1784 1232 1824; x_wconf 88' lang='lat' dir='ltr'>quibus</span> <span class='ocrx_word' id='word_1_289' title='bbox 1258 1783 1347 1814; x_wconf 91' lang='lat' dir='ltr'>nulla</span> <span class='ocrx_word' id='word_1_290' title='bbox 1377 1794 1452 1824; x_wconf 73' lang='lat' dir='ltr'>pars</span> 
     </span>
     <span class='ocr_line' id='line_1_32' title="bbox 124 1836 1452 1877; baseline 0.002 -11"><span class='ocrx_word' id='word_1_291' title='bbox 124 1836 236 1877; x_wconf 81' lang='lat' dir='ltr'>ignota</span> <span class='ocrx_word' id='word_1_292' title='bbox 266 1837 379 1867; x_wconf 88' lang='lat' dir='ltr'>mundi</span> <span class='ocrx_word' id='word_1_293' title='bbox 409 1842 467 1873; x_wconf 82' lang='lat' dir='ltr'>est,</span> <span class='ocrx_word' id='word_1_294' title='bbox 499 1837 539 1868; x_wconf 91' lang='lat' dir='ltr'>de</span> <span class='ocrx_word' id='word_1_295' title='bbox 571 1837 705 1868; x_wconf 89' lang='lat' dir='ltr'>Oceano</span> <span class='ocrx_word' id='word_1_296' title='bbox 735 1843 844 1868; x_wconf 90' lang='lat' dir='ltr'>tamen</span> <span class='ocrx_word' id='word_1_297' title='bbox 875 1838 1026 1868; x_wconf 87' lang='lat' dir='ltr'>dubitant</span> <span class='ocrx_word' id='word_1_298' title='bbox 1057 1843 1207 1868; x_wconf 86' lang='lat' dir='ltr'>utrumne</span> <span class='ocrx_word' id='word_1_299' title='bbox 1239 1842 1340 1867; x_wconf 83' lang='lat' dir='ltr'>terras</span> <span class='ocrx_word' id='word_1_300' title='bbox 1362 1837 1452 1868; x_wconf 86' lang='lat' dir='ltr'>uelut</span> 
     </span>
     <span class='ocr_line' id='line_1_33' title="bbox 123 1890 1451 1932; baseline 0.002 -12"><span class='ocrx_word' id='word_1_301' title='bbox 123 1890 290 1920; x_wconf 84' lang='lat' dir='ltr'>uinculum</span> <span class='ocrx_word' id='word_1_302' title='bbox 306 1890 516 1928; x_wconf 85' lang='lat' dir='ltr'>circumfluat,</span> <span class='ocrx_word' id='word_1_303' title='bbox 536 1901 578 1921; x_wconf 90' lang='lat' dir='ltr'>an</span> <span class='ocrx_word' id='word_1_304' title='bbox 594 1891 627 1921; x_wconf 91' lang='lat' dir='ltr'>in</span> <span class='ocrx_word' id='word_1_305' title='bbox 643 1902 736 1922; x_wconf 91' lang='lat' dir='ltr'>suum</span> <span class='ocrx_word' id='word_1_306' title='bbox 754 1891 927 1931; x_wconf 86' lang='lat' dir='ltr'>colligatur</span> <span class='ocrx_word' id='word_1_307' title='bbox 947 1891 1061 1921; x_wconf 90' lang='lat' dir='ltr'>orbem</span> <span class='ocrx_word' id='word_1_308' title='bbox 1089 1896 1120 1921; x_wconf 91' lang='lat' dir='ltr'>et</span> <span class='ocrx_word' id='word_1_309' title='bbox 1141 1891 1173 1920; x_wconf 91' lang='lat' dir='ltr'>in</span> <span class='ocrx_word' id='word_1_310' title='bbox 1198 1890 1256 1920; x_wconf 91' lang='lat' dir='ltr'>hos</span> <span class='ocrx_word' id='word_1_311' title='bbox 1282 1901 1342 1931; x_wconf 90' lang='lat' dir='ltr'>per</span> <span class='ocrx_word' id='word_1_312' title='bbox 1368 1902 1451 1932; x_wconf 85' lang='lat' dir='ltr'>quos</span> 
     </span>
     <span class='ocr_line' id='line_1_34' title="bbox 124 1943 1450 1984; baseline 0.002 -10"><span class='ocrx_word' id='word_1_313' title='bbox 124 1943 296 1983; x_wconf 88' lang='lat' dir='ltr'>nauigatur</span> <span class='ocrx_word' id='word_1_314' title='bbox 325 1943 412 1974; x_wconf 91' lang='lat' dir='ltr'>sinus</span> <span class='ocrx_word' id='word_1_315' title='bbox 443 1944 535 1984; x_wconf 88' lang='lat' dir='ltr'>quasi</span> <span class='ocrx_word' id='word_1_316' title='bbox 565 1943 764 1984; x_wconf 89' lang='lat' dir='ltr'>spiramenta</span> <span class='ocrx_word' id='word_1_317' title='bbox 794 1943 957 1984; x_wconf 67' lang='lat' dir='ltr'>quaedam</span> <span class='ocrx_word' id='word_1_318' title='bbox 990 1943 1226 1983; x_wconf 82' lang='lat' dir='ltr'>magnitudinis</span> <span class='ocrx_word' id='word_1_319' title='bbox 1264 1950 1450 1983; x_wconf 78' lang='lat' dir='ltr'>exaestuet;</span> 
     </span>
     <span class='ocr_line' id='line_1_35' title="bbox 123 1995 1450 2038; baseline 0.001 -10"><span class='ocrx_word' id='word_1_320' title='bbox 123 1997 233 2038; x_wconf 83' lang='lat' dir='ltr'>ignem</span> <span class='ocrx_word' id='word_1_321' title='bbox 259 2000 334 2037; x_wconf 90' lang='lat' dir='ltr'>post</span> <span class='ocrx_word' id='word_1_322' title='bbox 357 2006 391 2027; x_wconf 90' lang='lat' dir='ltr'>se</span> <span class='ocrx_word' id='word_1_323' title='bbox 415 1996 503 2026; x_wconf 87' lang='lat' dir='ltr'>cuius</span> <span class='ocrx_word' id='word_1_324' title='bbox 529 2002 740 2037; x_wconf 84' lang='lat' dir='ltr'>augmentum</span> <span class='ocrx_word' id='word_1_325' title='bbox 765 1997 835 2038; x_wconf 88' lang='lat' dir='ltr'>ipse</span> <span class='ocrx_word' id='word_1_326' title='bbox 859 1997 900 2027; x_wconf 91' lang='lat' dir='ltr'>sit</span> <span class='ocrx_word' id='word_1_327' title='bbox 929 1996 1060 2033; x_wconf 85' lang='lat' dir='ltr'>habeat,</span> <span class='ocrx_word' id='word_1_328' title='bbox 1091 2006 1132 2026; x_wconf 92' lang='lat' dir='ltr'>an</span> <span class='ocrx_word' id='word_1_329' title='bbox 1163 1995 1323 2036; x_wconf 88' lang='lat' dir='ltr'>spiritum.</span> <span class='ocrx_word' id='word_1_330' title='bbox 1369 1998 1450 2038; x_wconf 88' lang='lat' dir='ltr'>quid</span> 
     </span>
     <span class='ocr_line' id='line_1_36' title="bbox 123 2049 1449 2092; baseline 0 -11"><span class='ocrx_word' id='word_1_331' title='bbox 123 2051 228 2092; x_wconf 84' lang='lat' dir='ltr'>agitis,</span> <span class='ocrx_word' id='word_1_332' title='bbox 263 2049 514 2081; x_wconf 85' lang='lat' dir='ltr'>conmilitones?</span> <span class='ocrx_word' id='word_1_333' title='bbox 557 2051 797 2081; x_wconf 88' lang='lat' dir='ltr'>domitoremne</span> <span class='ocrx_word' id='word_1_334' title='bbox 826 2050 954 2090; x_wconf 84' lang='lat' dir='ltr'>generis</span> <span class='ocrx_word' id='word_1_335' title='bbox 985 2049 1130 2086; x_wconf 89' lang='lat' dir='ltr'>humani,</span> <span class='ocrx_word' id='word_1_336' title='bbox 1162 2059 1317 2089; x_wconf 82' lang='lat' dir='ltr'>magnum</span> <span class='ocrx_word' id='word_1_337' title='bbox 1347 2050 1449 2081; x_wconf 90' lang='lat' dir='ltr'>Alex-</span> 
     </span>
     <span class='ocr_line' id='line_1_37' title="bbox 123 2104 1448 2146; baseline -0.001 -10"><span class='ocrx_word' id='word_1_338' title='bbox 123 2106 272 2142; x_wconf 88' lang='lat' dir='ltr'>andrum,</span> <span class='ocrx_word' id='word_1_339' title='bbox 306 2114 345 2135; x_wconf 89' lang='lat' dir='ltr'>eo</span> <span class='ocrx_word' id='word_1_340' title='bbox 375 2104 539 2135; x_wconf 87' lang='lat' dir='ltr'>dimittitis</span> <span class='ocrx_word' id='word_1_341' title='bbox 577 2106 666 2146; x_wconf 90' lang='lat' dir='ltr'>quod</span> <span class='ocrx_word' id='word_1_342' title='bbox 694 2105 802 2136; x_wconf 87' lang='lat' dir='ltr'>adhuc</span> <span class='ocrx_word' id='word_1_343' title='bbox 832 2105 909 2145; x_wconf 90' lang='lat' dir='ltr'>quid</span> <span class='ocrx_word' id='word_1_344' title='bbox 940 2104 982 2135; x_wconf 85' lang='lat' dir='ltr'>sit</span> <span class='ocrx_word' id='word_1_345' title='bbox 1012 2104 1222 2144; x_wconf 87' lang='lat' dir='ltr'>disputatur?</span> <span class='ocrx_word' id='word_1_346' title='bbox 1281 2111 1448 2135; x_wconf 86' lang='lat' dir='ltr'>memento</span> 
     </span>
     <span class='ocr_line' id='line_1_38' title="bbox 122 2156 1401 2198; baseline -0.002 -9"><span class='ocrx_word' id='word_1_347' title='bbox 122 2158 326 2189; x_wconf 83' lang='lat' dir='ltr'>Alexander:</span> <span class='ocrx_word' id='word_1_348' title='bbox 344 2164 481 2189; x_wconf 89' lang='lat' dir='ltr'>matrem</span> <span class='ocrx_word' id='word_1_349' title='bbox 497 2159 530 2189; x_wconf 89' lang='lat' dir='ltr'>in</span> <span class='ocrx_word' id='word_1_350' title='bbox 546 2159 624 2189; x_wconf 91' lang='lat' dir='ltr'>orbe</span> <span class='ocrx_word' id='word_1_351' title='bbox 641 2159 727 2189; x_wconf 89' lang='lat' dir='ltr'>uicto</span> <span class='ocrx_word' id='word_1_352' title='bbox 743 2158 850 2189; x_wconf 86' lang='lat' dir='ltr'>adhuc</span> <span class='ocrx_word' id='word_1_353' title='bbox 866 2157 970 2198; x_wconf 88' lang='lat' dir='ltr'>magis</span> <span class='ocrx_word' id='word_1_354' title='bbox 986 2167 1085 2198; x_wconf 89' lang='lat' dir='ltr'>quam</span> <span class='ocrx_word' id='word_1_355' title='bbox 1101 2161 1218 2197; x_wconf 86' lang='lat' dir='ltr'>pacato</span> <span class='ocrx_word' id='word_1_356' title='bbox 1235 2156 1401 2198; x_wconf 81' lang='lat' dir='ltr'>relinquis.</span> 
     </span>
    </p>
   </div>
   <div class='ocr_carea' id='block_1_3' title="bbox 120 2216 1445 2312">
    <p class='ocr_par' dir='ltr' id='par_1_3' title="bbox 120 2216 1445 2312">
     <span class='ocr_line' id='line_1_39' title="bbox 185 2216 1445 2257; baseline 0.001 -10"><span class='ocrx_word' id='word_1_357' title='bbox 185 2225 202 2256; x_wconf 88' lang='lat'>5</span> <span class='ocrx_word' id='word_1_358' title='bbox 250 2216 407 2248; x_wconf 81' lang='lat' dir='ltr'><strong>DIVISIO.</strong></span> <span class='ocrx_word' id='word_1_359' title='bbox 457 2217 564 2248; x_wconf 84' lang='lat' dir='ltr'>aiebat</span> <span class='ocrx_word' id='word_1_360' title='bbox 584 2217 735 2249; x_wconf 79' lang='lat' dir='ltr'>CESTIVS</span> <span class='ocrx_word' id='word_1_361' title='bbox 760 2217 823 2248; x_wconf 87' lang='lat' dir='ltr'>hoc</span> <span class='ocrx_word' id='word_1_362' title='bbox 849 2227 951 2257; x_wconf 89' lang='lat' dir='ltr'>genus</span> <span class='ocrx_word' id='word_1_363' title='bbox 975 2216 1192 2247; x_wconf 84' lang='lat' dir='ltr'>suasoriarum</span> <span class='ocrx_word' id='word_1_364' title='bbox 1218 2216 1312 2247; x_wconf 88' lang='lat' dir='ltr'>aliter</span> <span class='ocrx_word' id='word_1_365' title='bbox 1338 2217 1445 2248; x_wconf 83' lang='lat' dir='ltr'>decla-</span> 
     </span>
     <span class='ocr_line' id='line_1_40' title="bbox 120 2270 1444 2312; baseline 0.002 -11"><span class='ocrx_word' id='word_1_366' title='bbox 120 2271 277 2302; x_wconf 90' lang='lat' dir='ltr'>mandum</span> <span class='ocrx_word' id='word_1_367' title='bbox 300 2281 369 2302; x_wconf 87' lang='lat' dir='ltr'>esse</span> <span class='ocrx_word' id='word_1_368' title='bbox 392 2282 490 2312; x_wconf 89' lang='lat' dir='ltr'>quam</span> <span class='ocrx_word' id='word_1_369' title='bbox 513 2271 724 2302; x_wconf 88' lang='lat' dir='ltr'>suadendum.</span> <span class='ocrx_word' id='word_1_370' title='bbox 774 2282 841 2302; x_wconf 92' lang='lat' dir='ltr'>non</span> <span class='ocrx_word' id='word_1_371' title='bbox 864 2271 981 2302; x_wconf 90' lang='lat' dir='ltr'>eodem</span> <span class='ocrx_word' id='word_1_372' title='bbox 1004 2271 1105 2301; x_wconf 91' lang='lat' dir='ltr'>modo</span> <span class='ocrx_word' id='word_1_373' title='bbox 1129 2270 1163 2300; x_wconf 91' lang='lat' dir='ltr'>in</span> <span class='ocrx_word' id='word_1_374' title='bbox 1186 2270 1289 2301; x_wconf 86' lang='lat' dir='ltr'>libera</span> <span class='ocrx_word' id='word_1_375' title='bbox 1312 2271 1444 2303; x_wconf 82' lang='lat' dir='ltr'>ciuitate</span> 
     </span>
    </p>
   </div>
   <div class='ocr_carea' id='block_1_4' title="bbox 120 2324 1448 2367">
    <p class='ocr_par' dir='ltr' id='par_1_4' title="bbox 120 2324 1448 2367">
     <span class='ocr_line' id='line_1_41' title="bbox 120 2324 1448 2367; baseline 0.001 -11"><span class='ocrx_word' id='word_1_376' title='bbox 120 2324 293 2356; x_wconf 88' lang='lat' dir='ltr'>dicendam</span> <span class='ocrx_word' id='word_1_377' title='bbox 318 2325 512 2357; x_wconf 87' lang='lat' dir='ltr'>sententiam</span> <span class='ocrx_word' id='word_1_378' title='bbox 537 2336 602 2367; x_wconf 93' lang='lat' dir='ltr'>quo</span> <span class='ocrx_word' id='word_1_379' title='bbox 626 2326 713 2367; x_wconf 90' lang='lat' dir='ltr'>apud</span> <span class='ocrx_word' id='word_1_380' title='bbox 738 2335 839 2366; x_wconf 86' lang='lat' dir='ltr'>reges,</span> <span class='ocrx_word' id='word_1_381' title='bbox 865 2325 982 2366; x_wconf 82' lang='lat' dir='ltr'>quibus</span> <span class='ocrx_word' id='word_1_382' title='bbox 1007 2325 1106 2357; x_wconf 86' lang='lat' dir='ltr'>etiarn</span> <span class='ocrx_word' id='word_1_383' title='bbox 1131 2335 1214 2366; x_wconf 87' lang='lat' dir='ltr'>quae</span> <span class='ocrx_word' id='word_1_384' title='bbox 1238 2330 1373 2367; x_wconf 87' lang='lat' dir='ltr'>prosunt</span> <span class='ocrx_word' id='word_1_385' title='bbox 1399 2326 1448 2358; x_wconf 84' lang='lat' dir='ltr'>ita.</span> 
     </span>
    </p>
   </div>
  </div>
 </body>
</html>
