1563 2446
167 72 217 111 66
598 71 643 120 Q.
681 71 870 110 CURTJ
899 71 939 108 R
953 71 1054 109 ΗΠ

165 157 288 204 batur,
311 157 439 195 donec
467 155 590 194 Indus
617 156 785 194 duorum
811 155 1030 194 cubitorum
1058 155 1486 205 sagittam—namque

166 221 287 269 Indis,
309 229 351 260 ut
371 230 486 259 antea
506 221 685 267 diximus,
704 221 817 258 huius
838 220 1114 270 magnitudinis
1135 220 1295 269 sagittae
1310 227 1418 258 crant
1434 242 1486 247 —-

165 285 217 322 ita
247 284 425 332 excussit,
449 293 491 322 ut
524 297 592 334 per
618 285 817 322 thoracem
850 285 1009 333 paulum
1037 297 1151 333 super
1183 285 1282 321 latus
1309 283 1483 320 dextrum

112 370 143 387 ιο
161 349 345 399 infigeret.
404 362 483 398 quo
514 350 673 387 vulnere
706 348 885 387 adflictus
916 362 1057 398 magna
1089 348 1125 385 vi
1165 347 1362 397 sanguinis
1395 346 1485 385 emi-

164 422 277 452 cante
304 413 448 452 remisit
475 427 582 451 arma
608 414 844 451 moribundo
864 413 998 451 similis
1018 414 1198 461 adeoque
1218 413 1421 458 resolutus,
1444 419 1484 448 ut

164 491 212 516 ne
243 479 293 516 ad
319 479 543 516 vellendum
573 478 733 527 quidem
759 479 880 516 telum
909 479 1100 515 sufficeret
1127 477 1295 515 dextera.
1354 476 1484 525 itaque

163 543 214 580 ad
244 542 492 591 spoliandum
524 555 676 591 corpus,
708 541 772 591 qui
794 543 1071 588 vulneraverat,
1099 542 1226 579 alacer
1255 540 1398 590 gaudio
1422 553 1484 578 ac-

112 627 139 643 u
161 606 287 644 currit.
347 619 464 655 quem
497 613 539 644 ut
569 606 712 644 inicere
746 606 898 655 corpori
933 619 1003 644 suo
1035 619 1172 643 manus
1196 605 1325 652 sensit,
1351 606 1481 650 credo,

163 669 289 708 ultimi
309 670 513 708 dedecoris
534 670 762 719 indignitate
782 678 1003 708 commotus
1022 670 1265 719 linquentem
1291 669 1483 708 revocavit

162 735 337 772 animum
369 743 407 773 et
438 736 587 773 nudum
621 735 743 773 hostis
776 736 874 773 latus
913 735 1089 773 subiecto
1127 747 1314 772 mucrone
1345 733 1479 772 hausit.

111 819 140 836 η
160 799 339 837 iacebant
358 799 461 836 circa
480 812 610 848 regern
632 799 701 837 tria
720 812 883 848 corpora
902 800 1037 848 procul
1058 798 1302 847 stupentibus
1328 797 1482 836 ceteris:

162 863 225 902 ille
258 871 312 910 ut,
347 871 558 912 antequam
589 863 749 902 ultimus
783 863 936 913 spiritus
964 863 1158 909 deficeret,
1187 862 1377 900 dimicans
1406 862 1482 899 iam

111 948 140 971 ις,
160 927 457 977 extingueretur,
489 927 616 977 clipeo
647 941 688 966 se
719 928 898 966 adlevare
921 935 1084 965 conatus
1115 934 1172 965 est
1198 935 1247 973 et,
1275 934 1482 976 postquam

161 993 213 1030 ad
235 991 493 1030 conitendum
510 990 617 1030 'nihil
644 1000 841 1041 supererat
864 991 1013 1038 virium,
1041 992 1198 1030 dextera
1224 991 1483 1041 inpendentes

162 1069 291 1094 ramos
318 1057 530 1105 conplexus
560 1057 776 1106 temptabat
802 1057 1016 1106 adsurgere.
1075 1056 1145 1094 sed
1172 1068 1221 1094 ne
1248 1055 1303 1094 sic
1321 1055 1481 1105 quidem

161 1128 300 1170 potens
321 1121 492 1170 corporis
512 1134 642 1159 rursus
661 1121 701 1158 in
720 1133 849 1170 genua
868 1119 1100 1170 procumbit,
1122 1133 1241 1158 manu
1267 1132 1483 1169 provocans

111 1206 139 1227 14
160 1186 303 1232 hostes,
339 1185 371 1223 si
405 1185 491 1234 quis
526 1185 714 1234 congredi
745 1186 915 1223 auderet.
987 1185 1147 1223 tandem
1176 1186 1385 1223 Peucestes
1414 1197 1481 1233 per

159 1248 276 1286 aliam
305 1248 442 1298 oppidi
471 1256 622 1298 partem
648 1248 864 1287 deturbatis
895 1247 1246 1298 propugnatoribus
1278 1247 1376 1285 muri
1402 1261 1482 1286 ves-

108 1334 137 1356 15
158 1313 249 1363 tigia
268 1327 505 1363 persequens
525 1314 604 1363 regi
625 1314 856 1364 supervenit.
917 1326 994 1362 quo
1015 1321 1227 1362 conspecto
1247 1313 1479 1358 Alexander,

160 1377 237 1414 iam
261 1391 340 1416 non
361 1378 463 1417 vitae
486 1391 590 1425 suae,
613 1379 683 1416 sed
709 1378 844 1416 mortis
868 1377 1056 1416 solacium
1077 1377 1342 1427 supervenisse
1363 1386 1478 1422 ratus,

159 1442 286 1491 clipeo
316 1443 515 1492 fatigatum
553 1457 694 1493 corpus
732 1443 895 1493 excepit.
954 1442 1057 1481 subit
1094 1442 1186 1480 inde
1223 1442 1409 1480 Timaeus
1441 1452 1479 1480 et

108 1521 138 1544 κ»
157 1508 275 1556 paulo
312 1515 400 1557 post
439 1509 677 1555 Leonnatus,
717 1507 807 1545 huic
844 1507 1050 1546 Aristonus
1088 1506 1319 1556 supervenit.
1388 1507 1478 1544 Indi

159 1583 327 1619 quoque,
355 1584 446 1608 cum
472 1570 572 1609 intra
595 1571 752 1609 moenia
771 1584 900 1620 regem
921 1584 1004 1609 esse
1025 1569 1303 1619 conperissent‚
1326 1570 1479 1608 omissis

158 1634 294 1672 ceteris
315 1634 406 1672 illuc
426 1643 702 1673 concurrerunt
723 1635 987 1684 urgebantque
1007 1641 1262 1684 protegentes.
1321 1647 1369 1672 ex
1394 1634 1479 1683 qui-

158 1698 231 1736 bus
261 1698 447 1737 Timaeus
477 1699 608 1737 multis
646 1700 810 1737 adverso
848 1711 1009 1748 corpore
1047 1698 1270 1736 vulneribus
1308 1698 1478 1747 acceptis

108 1783 136 1806 η
157 1762 386 1812 egregiaque
417 1762 522 1801 edita
554 1776 685 1812 pugna
715 1762 880 1801 cecidit:
924 1764 1132 1800 Peucestes
1162 1775 1320 1811 quoque
1358 1762 1478 1800 tribus

161 1826 294 1864 iaculis
323 1828 526 1865 confossus
552 1839 633 1865 non
658 1839 698 1865 se
727 1834 858 1864 tamen
885 1833 1007 1873 scuto,
1030 1827 1100 1864 sed
1122 1839 1252 1874 regem
1273 1826 1477 1864 tuebatur:

161 1891 396 1935 Leonnatus,
425 1890 520 1928 dum
554 1889 666 1928 avide
692 1897 847 1928 ruentes
876 1890 1059 1927 barbaros
1085 1889 1301 1936 submovet,
1329 1889 1477 1928 cervice

107 1967 137 1992 ιε
157 1953 321 2004 graviter
340 1954 415 1992 icta
435 1954 673 1992 semianimis
693 1953 899 2003 procubuit
919 1961 1009 1991 ante
1029 1953 1127 2003 regis
1147 1954 1278 2002 pedes.
1336 1953 1413 1991 iam
1439 1963 1476 1992 et

160 2019 367 2057 Peucestes
386 2017 608 2056 vulneribus
629 2017 808 2067 fatigatus
828 2017 1057 2055 submiserat
1077 2017 1245 2066 clipeum
1263 2031 1270 2053 :
1299 2016 1338 2054 in
1358 2017 1478 2055 Arist-

162 2094 240 2120 ono
277 2094 365 2131 spes
403 2082 539 2120 ultima
575 2082 770 2120 haerebat.
828 2081 890 2119 hic
928 2094 1086 2130 quoque
1124 2080 1288 2130 graviter
1325 2081 1477 2119 saucius

109 2165 139 2191 ι»,
159 2153 305 2183 tantam
326 2144 402 2182 vim
423 2145 595 2183 hostium
616 2146 714 2182 ultra
735 2144 922 2183 sustinere
943 2157 1022 2183 non
1043 2153 1203 2194 poterat.
1262 2145 1361 2183 inter
1380 2146 1476 2184 haec

159 2209 210 2247 ad
241 2209 482 2248 Macedonas
508 2221 638 2259 regern
661 2208 848 2247 cecidisse
869 2209 971 2246 fama
990 2210 1136 2258 perlata
1155 2217 1223 2247 est.
1282 2208 1476 2249 terruisset
