1563 2446
190 96 628 136 JJJSTORJARUM
657 95 1028 133 ALEXANDRJ
1068 95 1183 141 VIII,
1228 107 1285 132 12.
1354 106 1403 144 43

84 184 145 222 vel
172 196 241 221 sua
264 182 403 221 virtute
427 184 488 220 vel
515 182 616 220 illius
643 183 720 221 side
750 189 865 220 tutus,
925 181 1088 229 coivere,
1111 181 1219 230 quod
1247 194 1294 219 ex
1320 179 1407 218 utri-

85 259 208 297 usque
236 248 343 285 vultu
372 253 504 296 posset
533 246 715 295 intellegi,
747 245 882 284 amicis
911 245 1069 283 animis:
1112 253 1285 284 ceterum
1324 244 1406 283 sine

86 310 293 360 interprete
322 324 402 349 non
433 318 583 360 poterat
613 310 765 348 conseri
795 323 933 348 sermo.
992 309 1124 359 itaque
1153 308 1330 347 adhibito
1358 321 1407 347 eo

85 375 270 413 barbarus
291 375 502 413 occurrisse
529 387 569 412 se
590 374 687 413 dixit
706 388 794 412 cum
818 373 986 412 exercitu
1015 381 1118 412 totas
1137 373 1289 422 imperii
1308 372 1407 411 vires

86 438 262 487 protinus
282 439 509 476 traditurum
524 451 597 476 nec
618 446 853 487 expectasse,
871 439 967 476 dum
987 451 1056 487 per
1075 437 1233 475 nuntios
1254 438 1410 475 daretur

86 503 194 541 fides.
253 515 392 552 corpus
422 516 536 540 suum
566 512 604 540 et
630 516 793 552 regnum
823 502 1045 552 permittere
1072 501 1137 548 illi,
1160 515 1276 551 quem
1296 500 1410 538 sciret
1431 521 1463 538 ιο

85 566 229 615 gloriae
249 566 480 604 militantem
501 566 596 603 nihil
616 566 738 616 magis
754 579 872 615 quam
893 567 1034 603 famam
1055 566 1190 604 timere
1210 565 1406 615 perfidiae.

88 632 210 669 laetus
240 631 488 681 simplicitate
516 631 667 670 barbari
694 645 760 669 rex
786 639 824 669 et
853 632 1063 677 dexteram,
1086 630 1177 668 fidei
1207 643 1300 668 suae
1329 629 1410 679 pig-

87 707 170 740 nus,
201 694 311 733 dedit
339 703 378 733 et
406 708 568 744 regnum
597 695 774 733 restituit.
834 707 900 732 LVI
931 694 1127 744 elephanti
1161 701 1280 740 erant,
1312 706 1412 743 quos
1432 714 1460 730 ιι

87 758 244 797 tradidit
273 761 510 806 Alexandro,
533 761 734 809 multaque
764 772 907 809 pecora
928 758 1092 797 eximiae
1115 756 1407 808 magnitudinis,

88 831 218 862 tauros
247 825 298 861 ad
328 836 374 861 111
405 824 521 870 milia,
552 823 767 873 pretiosum
796 824 835 861 in
864 837 911 862 ea
938 823 1096 873 regione
1125 830 1411 872 acceptumque

87 887 225 925 animis
244 888 490 937 regnantium
511 896 740 926 armentum.
798 887 1000 937 quaerenti
1025 888 1261 934 Alexandro,
1283 887 1412 936 plures
1435 908 1464 924 η

87 952 335 1002 agricultores
355 954 527 1000 haberet,
547 967 597 991 an
618 953 770 1000 milites,
792 966 882 991 cum
903 953 1057 991 duobus
1077 952 1233 1002 regibus
1252 951 1412 990 bellanti

88 1016 161 1054 sibi
180 1016 327 1055 maiore
347 1017 514 1055 militum
534 1031 651 1066 quam
667 1018 876 1066 agrestium
896 1031 1015 1055 manu
1031 1031 1130 1066 opus
1150 1030 1235 1055 esse
1254 1029 1412 1066 respon-

88 1082 155 1120 dit.
212 1081 396 1119 Abisares
417 1090 454 1120 et
475 1083 598 1120 Porus
619 1090 738 1128 erant,
759 1083 829 1120 sed
855 1082 894 1119 in
917 1084 1018 1120 Poro
1039 1081 1235 1120 eminebat
1250 1080 1414 1119 auctori·
1435 1101 1465 1124 13

88 1153 157 1183 tas.
207 1153 370 1195 uterque
386 1147 486 1184 ultra
509 1148 727 1196 Hydaspen
746 1160 903 1184 amnem
921 1146 1106 1196 regnabat
1127 1153 1165 1184 et
1184 1145 1277 1184 belli
1297 1146 1413 1183 fortu-

89 1222 191 1256 nam,
227 1209 401 1260 quisquis
431 1224 538 1249 arma
566 1211 734 1258 inferret,
764 1211 926 1260 experiri
955 1212 1188 1249 decreverat.
1248 1210 1415 1260 Omphis
1437 1232 1466 1253 14

89 1273 337 1322 permittente
364 1275 588 1312 Alexandro
619 1282 657 1312 et
685 1275 835 1323 regium
862 1274 1013 1324 insigne
1042 1274 1208 1324 sumpsit
1236 1281 1275 1312 et
1303 1287 1411 1312 more

88 1338 215 1387 gentis
236 1351 328 1376 suae
350 1352 506 1384 nomen,
529 1340 636 1388 quod
659 1339 779 1388 patris
806 1341 950 1378 fuerat:
981 1339 1145 1377 Taxilen
1168 1339 1413 1388 appellavere

89 1404 308 1452 populares,
347 1412 535 1453 sequente
572 1404 730 1442 nomine
779 1404 996 1453 imperium,
1036 1403 1076 1441 in
1122 1415 1414 1453 quemcumque

90 1468 276 1506 transiret.
335 1468 448 1519 igitur
471 1482 561 1506 cum
587 1482 655 1518 per
681 1468 849 1507 triduum
880 1469 1120 1518 hospitaliter
1147 1468 1414 1505 Alexandrum
1437 1487 1466 1510 15

89 1532 314 1581 accepisset,
350 1541 487 1582 quarto
525 1533 589 1571 die
628 1541 678 1579 et,
712 1541 901 1582 quantum
930 1532 1113 1571 frumenti
1149 1531 1284 1582 copiis,
1316 1545 1414 1581 quas

92 1596 366 1644 Hephaestion
379 1597 549 1642 duxerat,
566 1596 786 1645 praebitum
806 1610 829 1634 a
848 1609 889 1635 se
909 1604 1021 1641 esset,
1037 1596 1208 1634 ostendit
1224 1605 1261 1634 et
1277 1608 1414 1633 aureas

88 1672 254 1698 coronas
275 1660 347 1709 ipsi
366 1660 579 1710 amicisque
599 1661 793 1708 omnibus,
814 1668 966 1710 praeter
991 1662 1089 1698 haec
1108 1659 1247 1709 signati
1267 1659 1416 1709 argenti

92 1735 206 1761 Lxxx
229 1725 374 1762 talenta
399 1726 506 1763 dono
536 1725 655 1763 dedit.
714 1739 793 1775 qua
817 1724 1056 1774 benignitate
1087 1724 1169 1762 eius
1195 1725 1418 1762 Alexander
1439 1737 1469 1761 16

91 1787 187 1826 mire
214 1789 337 1826 laetus
366 1796 414 1835 et,
437 1802 536 1838 quae
565 1789 597 1827 is
627 1790 798 1835 dederat,
819 1788 966 1827 remisit
994 1796 1033 1827 et
1060 1788 1165 1826 mille
1194 1789 1340 1826 talenta
1367 1801 1416 1825 ex

91 1853 248 1901 praeda,
271 1866 389 1902 quam
409 1854 587 1899 vehebat,
609 1854 751 1892 adiecit
780 1855 980 1902 multaque
1004 1852 1222 1891 convivalia
1249 1866 1294 1890 ex
1319 1865 1414 1890 auro

91 1924 132 1954 et
151 1924 310 1966 argento
330 1930 432 1964 vasa,
451 1917 662 1966 plurimum
677 1917 854 1955 Persicae
869 1917 998 1963 vestis,
1015 1928 1104 1953 xxx
1125 1929 1248 1965 equos
1269 1929 1317 1953 ex
1337 1915 1415 1953 suis

93 1993 184 2018 cum
203 1980 329 2018 isdem
342 1980 566 2030 insignibus,
584 1982 670 2031 quis
685 1983 955 2027 adsueverant,
971 1994 1060 2018 cum
1075 1983 1202 2030 ipsum
1218 1981 1412 2018 veherent.

95 2058 196 2094 quae
214 2045 422 2083 liberalitas
439 2045 537 2084 sicut
553 2047 760 2084 barbarum
777 2046 1042 2092 obstrinxerat,
1058 2046 1112 2083 ita
1131 2044 1278 2083 amicos
1297 2043 1418 2092 ipsius
1438 2065 1469 2088 17

94 2109 345 2146 vehementer
360 2110 531 2148 offendit.
568 2123 589 2149 e
603 2110 744 2159 quibus
762 2112 960 2159 Meleager
973 2123 1088 2159 super
1101 2122 1236 2147 cenam
1254 2108 1415 2157 largiore

95 2171 187 2209 vino
208 2184 301 2209 usus
319 2173 500 2221 gratulari
520 2186 561 2211 se
581 2175 805 2212 Alexandro
825 2173 932 2219 dixit,
955 2174 1064 2222 quod
1084 2174 1220 2210 saltem
1240 2171 1280 2208 in
1301 2170 1417 2208 India

94 2235 327 2286 repperisset
350 2236 511 2286 dignum
539 2237 694 2282 talentis
722 2238 838 2277 mille.
895 2250 962 2276 rex
989 2237 1093 2274 haud
1123 2235 1276 2282 oblitus,
1299 2247 1416 2285 quarn
1438 2248 1467 2272 ιε
